3178 5278
426 531 497 606 168
740 531 1092 602 annotationes

762 715 985 786 COLUMNA
1009 717 1080 784 xi.

466 897 498 954 V.
522 899 589 954 2-3.
610 892 834 976 Ἀντίστρυφα...
861 894 939 955 ldern
964 913 1068 954 sonare
1089 893 1216 954 arbitror
1239 894 1320 974 quod
1334 897 1418 975 apud

425 994 543 1053 Aristot.
559 991 641 1050 ittet.
653 993 676 1062 l,
697 1011 731 1048 1:
747 988 781 1050 ‘H
797 989 921 1073 ῥητορική
932 993 1002 1050 ἐστιν
1018 989 1187 1074 ἀντίστροφος
1199 994 1233 1072 τῇ
1246 991 1418 1074 διαλεκτικῇ.

427 1075 577 1160 Quod‘iu
601 1087 688 1147 vertit
711 1087 788 1161 cie,
823 1091 903 1148 Orat.
929 1088 1055 1150 XXXII:
1080 1091 1201 1166 «Atque
1231 1090 1318 1148 etiarn
1347 1102 1418 1148 ante

427 1186 504 1245 hunc
534 1183 692 1264 (subintell.
713 1183 870 1261 Zenonem)
893 1184 1060 1243 Aristoteles
1084 1184 1229 1263 principio
1249 1186 1319 1244 artis
1343 1185 1417 1244 rhe-

427 1283 525 1341 toricae
548 1280 618 1339 dicit
638 1280 716 1338 illam
739 1292 830 1338 artem
861 1279 942 1358 quasi
961 1300 999 1338 cc
1019 1283 1111 1338 altera
1126 1295 1214 1357 parte
1237 1281 1420 1360 respondere

427 1378 621 1461 Dialecticae.·
637 1379 752 1451 Noster,
773 1376 803 1435 in
820 1377 965 1436 Rhetoric.
982 1377 1104 1455 Neapoli
1117 1377 1216 1447 edita,
1235 1397 1302 1436 nnn.
1324 1377 1418 1450 1835,

427 1473 481 1534 eol.
491 1475 565 1548 XlV,
582 1491 612 1532 v.
622 1474 687 1549 5-9:
698 1470 780 1533 Ἵλατ’
791 1468 897 1541 εἰκότως
907 1471 961 1531 οὐδ’
971 1469 1170 1554 ἀντιστρέφουσέ
1181 1495 1248 1539 τινες
1257 1471 1271 1532 ὃ
1281 1469 1417 1551 λέγουσιν,

427 1567 485 1650 ἅμα
498 1568 546 1643 τὴν
559 1568 698 1652 ῥητορικὴν
719 1569 764 1629 καὶ
783 1568 831 1642 τλν
843 1566 997 1652 σοφιστικὴν
1019 1568 1065 1629 καλ
1078 1568 1127 1642 τλν
1137 1569 1285 1642 πολιτικήν.
1298 1570 1354 1632 Ubi
1366 1591 1417 1629 an-

428 1679 545 1727 notatur
564 1661 762 1748 ἀντιστρέφειν,
783 1666 813 1724 h.
837 1666 877 1737 1.,
895 1685 952 1724 non
975 1665 1053 1724 aliud
1073 1663 1213 1725 denotare
1238 1687 1323 1744 quam
1337 1667 1418 1744 quod

428 1766 576 1827 Dialectici
601 1764 702 1823 dicunt
737 1765 963 1844 propositionem
993 1777 1181 1841 convertere,
1218 1785 1309 1844 quum
1336 1767 1418 1825 scili-

428 1876 474 1922 cet
497 1862 647 1938 subjectum
671 1862 702 1919 in
718 1863 925 1938 praedicatum,
960 1873 989 1919 et
1010 1865 1194 1938 praedicatum
1214 1863 1244 1920 in
1265 1863 1418 1939 subjectum

428 1972 570 2034 mutatur,
592 1971 623 2017 et
643 1971 739 2018 tamen
753 1978 822 2017 vera
836 1971 933 2027 manet
952 1959 1017 2038 ipsa
1038 1959 1212 2018 enunciatio.
1230 1961 1420 2040 Quapropter

427 2053 606 2137 ἀναστρέφειν
633 2075 684 2114 seu
708 2061 878 2132 reciprocare
898 2055 983 2114 simul
1006 2056 1183 2116 rhetoricam
1204 2069 1234 2116 et
1256 2059 1419 2137 politicam,

427 2152 505 2212 idem
523 2165 566 2212 est
579 2166 665 2231 atque
680 2152 831 2212 adfirmare
848 2152 1010 2210 rhetoricam
1023 2173 1080 2210 non
1093 2173 1152 2212 erse
1165 2175 1185 2212 a
1192 2158 1310 2231 politica
1326 2157 1419 2214 direr-

427 2271 506 2320 tam,
530 2269 581 2307 ner
593 2253 738 2326 politicam
757 2269 777 2306 a
795 2249 929 2308 rhetorico
951 2251 1119 2326 discrepare.
1139 2251 1252 2312 Addam
1272 2256 1419 2330 Anonym.

428 2347 566 2409 Scholia
580 2348 715 2424 llermog.
737 2347 781 2406 De
797 2347 908 2406 lavent.
921 2347 964 2407 ΙΙΙ
976 2369 984 2405 :
998 2369 1011 2400 ι
1024 2343 1209 2432 Ἄντιστραφὴν
1227 2349 1323 2409 ἐκεῖνοι
1337 2350 1420 2428 (sub-

429 2445 520 2504 intell.
528 2442 707 2527 οἱφιλόσοφοι)
713 2439 819 2521 λέγουσι
830 2441 861 2504 τὸ
867 2449 950 2503 ποιεῖν
961 2442 992 2502 τὸ
999 2443 1169 2524 ὑποκείμενον
1181 2444 1421 2529 κατηγορούμενον,
1464 2507 1466 2512 ,

429 2542 475 2602 καὶ
490 2541 522 2602 τὸ
536 2539 764 2623 κατηγορούμενον
780 2539 961 2619 ὑποκείμενον.
975 2542 1028 2602 Rh.
1042 2561 1084 2622 gr.
1092 2543 1194 2618 Walz.,
1205 2555 1226 2602 t.
1236 2545 1297 2616 vti,
1312 2564 1341 2622 p.
1352 2545 1420 2618 775.

431 2637 502 2698 Rem
512 2640 646 2718 exemplo
656 2637 793 2696 dilucidat
806 2639 906 2718 Sopat.
918 2639 1014 2698 Schol.
1029 2640 1059 2697 iu
1068 2641 1202 2718 Hermog.
1217 2642 1261 2699 De
1270 2641 1418 2702 Statibus:

430 2733 471 2796 Τὸ
485 2732 593 2793 δυνατὸν
611 2730 687 2811 ὁμέν
707 2731 864 2799 Βασιλίσκος
880 2731 948 2803 ιἰξιοῖ
967 2732 1035 2813 μετὰ
1050 2732 1081 2794 τὸ
1097 2739 1231 2818 συμφέρον
1245 2735 1360 2810 τέττειν,
1373 2735 1422 2796 λέ-

430 2853 485 2910 γων
507 2828 628 2914 περιττὸν
651 2819 730 2904 εἶναι,
747 2834 794 2889 τοῦ
813 2829 973 2909 ζητουμένου
990 2830 1028 2911 μὴ
1050 2832 1244 2916 συμφέροντος,
1268 2842 1378 2894 σκοπεῖν
1397 2836 1421 2894 εἰ

431 2924 540 2988 δυνατόν
554 2927 641 2986 ἔστιν·
657 2925 716 2985 ἀλλ’
729 2924 907 3010 ἀναστρέφων
921 2931 936 2987 ὁ
949 2927 1026 3007 λόγος
1039 2937 1173 3011 φανεῖται·
1188 2927 1298 3011 καὶγὰρ
1316 2927 1355 3009 μὴ
1371 2931 1422 2989 δυ-

431 3028 511 3084 νατοῦ
531 3021 605 3091 ὄντος
620 3027 666 3082 τοῦ
686 3021 876 3106 προκειμένου,
891 3021 1002 3108 περιττὴ
1015 3021 1046 3083 ἂν
1069 3022 1110 3097 εἴη
1135 3029 1153 3098 ἡ
1173 3031 1219 3086 τοῦ
1243 3025 1422 3108 συμφέροντος

430 3118 555 3192 ἐξέτασις.
571 3118 647 3180 lbid.
663 3133 683 3177 t.
695 3120 744 3196 Ν,
764 3141 792 3199 p.
804 3129 871 3195 747.
891 3121 934 3181 Cf.
946 3121 1059 3184 Platon.
1072 3123 1161 3200 Gorg.
1173 3123 1261 3184 cett.
1272 3121 1315 3182 ed.
1329 3124 1421 3183 Lond.

435 3220 520 3293 1826,
536 3230 557 3278 t.
569 3220 617 3294 lll,
632 3237 661 3297 p.
678 3217 732 3276 183
749 3239 756 3274 :
779 3219 837 3289 Τῆς
848 3215 876 3278 δέ
887 3220 1025 3291 πολιτικῆς
1037 3218 1095 3278 uiuri
1110 3218 1157 3297 μὲν
1171 3224 1219 3293 τῆς
1237 3217 1423 3300 γυμναστικῆς

431 3314 479 3390 τλν
490 3311 678 3393 νομοθετικήν,
699 3311 868 3398 ἀντίστροφον
882 3313 911 3374 δέ
923 3319 957 3396 τῇ
970 3317 1075 3398 ἰατρικῇ
1093 3315 1142 3388 rip
1159 3317 1321 3391 δικαστικήν.
1337 3317 1424 3380 Ἀντέ-

432 3435 544 3496 στροφον
563 3413 703 3491 significat
716 3433 832 3491 qnoque
848 3426 1048 3492 argumentum
1068 3418 1144 3490 quod
1145 3414 1238 3490 facile
1252 3430 1425 3492 retorquetur

431 3509 471 3570 ab
480 3512 658 3579 adversar1'03
676 3509 754 3568 unde
769 3524 799 3569 ct
813 3507 1015 3591 ἀντιστρέφοντα
1029 3524 1198 3589 argumenta
1216 3512 1309 3572 Graeci
1336 3511 1423 3570 dixe-

432 3621 514 3682 runt,
526 3607 703 3686 querelerri
726 3621 825 3665 contra
848 3608 1034 3685 convertique
1055 3610 1084 3667 in
1105 3629 1171 3668 eum
1188 3622 1309 3689 possunt
1326 3632 1343 3668 a
1360 3629 1422 3687 quo

431 3706 508 3767 dicta
533 3717 609 3764 sunt.
626 3703 669 3765 Cf.
687 3704 808 3764 Ernesti.
817 3703 913 3762 lexic.
925 3703 1064 3766 'l'echnoi
1075 3725 1118 3784 gr.
1129 3706 1194 3778 lth„
1210 3727 1239 3784 ρ.
1251 3711 1296 3765 3ο.
1310 3743 1313 3748 -

471 3837 506 3894 V.
522 3825 710 3912 ιι.Ἔψεὶαν.
722 3873 749 3890 ..
778 3832 810 3890 ln
827 3831 899 3890 Ma:
918 3818 1150 3897 ΕΨΕΤᾹΝ.
1167 3835 1267 3894 Nullus
1277 3831 1425 3893 dubitavit

432 3943 502 4022 quin
539 3937 759 3999 rescribendum
790 3951 863 3997 esset
903 3935 1006 4020 ἔρεξαν.
1047 3941 1089 4000 Cf.
1125 3944 1243 4001 Auctor.
1276 3940 1424 4000 Rhetoric.

432 4059 496 4116 quae
521 4037 637 4112 Dionys.
666 4033 753 4094 Helie.
782 4035 882 4109 fertur,
909 4037 965 4113 Xl,
1004 4057 1034 4108 ι,
1058 4035 1108 4097 ubi
1130 4036 1233 4096 similia
1255 4035 1424 4096 traduntur:
