3174 5284
360 574 424 644 126
663 577 1029 646 ANNOTATIONES.

352 738 441 782 strum
461 732 520 790 ταῖς
538 730 713 790 κατασκευαῖς
730 724 884 802 significari
902 744 1025 798 censeo,
1049 725 1078 784 id
1096 725 1230 804 pluribus
1245 724 1344 786 verbis

352 822 473 898 Dionys.
493 823 582 882 Helio.
603 821 705 899 aperit:
722 819 761 880 ⁰0
778 845 806 880 τε
831 823 883 880 τῶν
905 819 1032 904 περιόδων
1051 820 1161 903 ροθμδς,
1183 825 1214 882 ἐκ
1247 824 1346 890 παντὸς

351 915 452 977 διώκων
469 915 500 976 τδ
514 917 662 1000 γλαφυρὸν,
683 917 728 976 καλ
747 919 799 976 τῶν
813 915 961 999 σχημάτων
982 918 1012 978 τὸ
1032 919 1203 1000 μειρακιῶδες
1216 919 1276 1001 περὶ
1297 918 1345 986 τδς

351 1013 503 1088 ἀντιθέσεις,
516 1014 561 1074 καλ
574 1013 735 1097 παρισώσεις
746 1013 792 1075 καὶ
813 1013 1007 1096 παρομοιώσεις
1019 1015 1252 1098 κατατριθθμενον.

391 1113 423 1170 V.
442 1113 541 1171 15-20.
564 1112 618 1172 Καὶ
632 1109 1007 1194 σχεδὸν-κατακεχύσθαι...
1025 1113 1148 1172 salebris
1163 1135 1231 1174 vere
1244 1116 1344 1192 plenus

354 1209 433 1268 iocus
444 1232 451 1268 ι
462 1224 494 1267 ιιι
509 1209 676 1287 expeditum
688 1229 734 1267 me
746 1229 783 1267 ex
798 1208 938 1286 impedito
948 1209 1081 1281 iacerem,
1098 1208 1253 1268 verborum
1264 1211 1343 1268 ordi-

350 1326 415 1364 nem
427 1307 528 1365 leviter
535 1308 652 1366 mutavi.
661 1310 719 1368 Pro
729 1292 793 1371 ΕΝ
801 1292 1060 1382 ᾹΝΓΙᾹΝΤΗ,
1068 1304 1145 1384 quod
1155 1305 1346 1379 exhibetMs.,

351 1411 435 1487 posui
441 1409 556 1469 ἐναντίω
566 1410 663 1484 πάντη,
676 1412 733 1470 κτλ.
742 1411 827 1471 Haud
838 1412 897 1470 scio
907 1431 943 1468 an
951 1411 1134 1470 Philodemus
1146 1410 1240 1469 obiter
1250 1411 1346 1469 innuo

351 1507 388 1563 rit
409 1526 454 1564 res
466 1507 597 1584 politicas
612 1506 648 1566 de
668 1506 773 1584 quibus
785 1509 924 1567 isocrates
939 1506 1084 1584 disseruit,
1096 1507 1149 1565 etsi
1170 1505 1277 1565 nullam
1290 1507 1344 1565 ha-

349 1602 413 1660 buit
428 1604 458 1661 in
471 1603 659 1662 concionibus
668 1605 837 1662 orationem.
851 1604 972 1663 Causam
986 1603 1074 1662 tradit
1086 1603 1301 1682 Dionysflalic.
1314 1604 1344 1660 in

349 1703 438 1761 lsocr.
457 1705 487 1762 l:
503 1700 627 1776 Σποοδὴν
640 1701 688 1782 μὲν
702 1706 815 1762 ἐποιεῖτο
828 1704 953 1786 πράττειν
967 1725 997 1762 τε
1010 1701 1056 1762 καλ
1066 1701 1153 1782 λέγειν
1164 1700 1198 1761 τὰ
1210 1702 1343 1763 πολιτικά·

349 1801 385 1866 ὡς
400 1799 456 1872 δὲὴ
479 1799 555 1882 φύσις
574 1805 737 1876 ἠναντιοῦτο,
758 1801 791 1861 τδ
812 1805 907 1884 πρῶτα
927 1799 973 1860 καλ
995 1800 1146 1882 κυριώτατα
1167 1804 1214 1859 τοῦ
1237 1797 1344 1881 ῥήτορος

350 1895 500 1978 ἀφελομένη
531 1897 632 1976 τόλμαν
657 1898 747 1958 τεκαὶ
775 1903 863 1979 φωνῆς
881 1898 1004 1978 μέγεθος,
1020 1887 1057 1957 ῶν
1074 1894 1156 1978 χωρὶς
1174 1898 1224 1976 οθχ
1244 1887 1344 1954 οἷόντε

349 1983 382 2064 ἧν
399 1995 425 2052 ἓν
437 1991 510 2075 ὄχλῳ
523 1993 618 2072 λέγειν,
634 1993 732 2066 ταύτης
750 1994 797 2073 μὲν
817 1993 921 2066 ἀπέστη
939 2000 987 2068 τῆς
1000 1992 1192 2077 προαιρέσεως·
1207 1995 1343 2070 ἐπιθυμῶν

350 2087 378 2146 δὲ
394 2086 500 2161 δόξης..
514 2132 521 2146 .
535 2089 593 2148 ,ἐπὶ
607 2088 760 2172 τδγράφειν
787 2089 804 2147 ἀ
823 2089 982 2169 διανοηθείη,
997 2089 1156 2171 κατέφυγεν·
1177 2091 1206 2147 οὗ
1219 2088 1279 2170 περὶ
1294 2111 1343 2165 μι-

350 2187 419 2266 κρῶν
434 2182 482 2257 τὴν
504 2185 657 2266 προαίρεσιν
673 2183 837 2263 ποιούμενος,
858 2183 917 2244 οὐδὲ
932 2185 1057 2265 περὶτῶν
1075 2184 1148 2244 ἰδίων
1165 2183 1344 2262 συμὸολαίων,

350 2281 410 2343 οὐδὲ
424 2281 490 2366 ὑπὲρ
505 2273 541 2342 ῶν
563 2281 638 2343 ἄλλοι
653 2281 721 2350 τινὲς
735 2285 788 2342 τῶν
804 2281 864 2342 τότε
880 2285 1018 2365 σοφιστῶν·
1043 2279 1103 2364 περὶ
1120 2280 1148 2340 δὲ
1167 2283 1220 2340 τῶν
1240 2279 1344 2353 Ἕλλη-

349 2384 427 2440 νικῶν
445 2381 490 2440 καλ
504 2384 648 2462 βασιλικῶν
668 2379 843 2460 πραγμάτων,
864 2378 891 2448 ἐξ
905 2370 941 2440 ῶν
963 2377 1134 2457 θπελάμθιινε
1151 2377 1200 2447 τάς
1212 2400 1241 2436 τε
1255 2375 1344 2442 πόλεις

350 2477 456 2558 ἄμεινον
468 2477 621 2551 οἰκήσεσθαι
629 2479 687 2537 κτλ.
704 2477 909 2554 Quamobrem,
923 2477 1077 2554 Dionysius
1083 2497 1132 2534 eos
1142 2476 1192 2554 qui
1204 2476 1342 2534 rationem

348 2576 479 2654 gerendae
495 2575 661 2654 reipublicae
674 2576 825 2654 complecti
838 2575 935 2634 animo
954 2575 1055 2633 volunt
1068 2574 1214 2645 hortatur,
1233 2585 1265 2631 ut
1283 2574 1345 2630 Iso-

349 2671 433 2729 cratis
446 2672 591 2729 orationes
606 2684 746 2730 nocturna
761 2672 921 2748 diurnaque
936 2690 1023 2727 manu
1044 2681 1182 2742 versent,
1201 2665 1272 2725 ibid.
1285 2667 1322 2726 lv
1336 2689 1342 2722 :

349 2767 403 2827 Καὶ
415 2765 498 2846 ἔγωγέ
513 2791 583 2849 φημι
597 2771 695 2851 χρῆναι
708 2766 768 2834 τοὺς
783 2766 927 2845 μέλλοντας
942 2765 1002 2846 οὐχὶ
1017 2764 1095 2846 μέρος
1109 2789 1135 2824 τι
1147 2768 1194 2836 τῆς
1208 2764 1345 2834 πολιτικῆς

349 2863 497 2942 δυνάμεως,
510 2865 569 2924 ἀλλ’
580 2863 643 2937 ὅλην
659 2863 739 2936 αὐτὴν
757 2863 921 2936 κτήσασθαι,
936 2869 1028 2922 τοῦτον
1042 2859 1113 2942 ἔχειν
1130 2861 1174 2920 τὸν
1188 2858 1287 2942 ῥήτορα
1301 2858 1343 2917 διδι

349 2984 391 3041 χει
409 2983 445 3028 ος.

389 2985 843 3140 θαι-η.ιφιιιι...ιινι;
870 3043 1023 3121 aaran
1035 3098 1149 3116 .....
1162 3039 1342 3117 ι...το.

349 3166 429 3222 Hanc
440 3165 581 3237 lacunam,
603 3163 767 3242 postulante
781 3184 874 3238 sensu,
893 3165 932 3222 sic
953 3163 1082 3240 explevi:
1094 3159 1203 3242 ἀφιέντι·
1219 3159 1283 3242 φησὶ
1298 3158 1344 3218 καὶ

349 3265 424 3318 τοῦτο
447 3263 504 3320 κτλ.
