3194 5286
581 547 808 622 COLUMNA
835 554 962 620 xxrn.
1136 559 1181 652 47

409 739 644 838 pendendum
665 746 847 842 quispiam
874 741 1103 841 philosophis
1122 751 1184 816 tri·

409 904 474 976 bui
507 906 603 977 velit.
634 911 797 977 Tertium
832 904 928 977 aliud
954 905 1039 978 inde
1065 912 1182 998 venit,

294 1076 303 1096 ⁸
406 1075 583 1145 nimirum
619 1099 681 1146 eos
717 1072 766 1144 ob
807 1073 868 1144 illa
899 1072 1010 1144 videri
1047 1079 1182 1146 caeteris

410 1240 575 1337 quidem,
597 1241 642 1313 de
673 1240 784 1313 rebus
810 1240 878 1312 sibi
908 1242 1079 1339 propriis,
1097 1242 1179 1340 phi-

406 1404 567 1503 losophis
623 1421 743 1478 autem
789 1408 995 1504 praecipue,
1039 1408 1180 1480 menda·

406 1560 495 1629 citer
546 1558 660 1629 multa
695 1556 922 1672 confinxisse.
958 1561 1095 1655 Atqui,
1137 1574 1179 1629 ut

404 1718 638 1791 manifestum
661 1716 822 1790 facerent
846 1721 1076 1816 semetipsos
1099 1746 1177 1793 ora-

404 1895 549 1961 tionum
565 1890 621 1962 vel
642 1914 884 1988 personarum
912 1914 1077 1963 censores
1090 1917 1176 1964 con-

357 2065 361 2074 '
403 2063 549 2128 stitutos
588 2056 716 2148 fuisse,
739 2057 785 2129 ab
815 2057 944 2129 iisdem
984 2057 1174 2131 artificiose

401 2225 626 2325 disputatum
649 2241 724 2314 est3
742 2225 814 2298 sed'
836 2224 1117 2319 narrationibus,
1131 2253 1173 2298 ac

399 2391 546 2464 fortasse
566 2394 674 2463 etiam
688 2391 838 2489 epilogis
852 2415 927 2462 non
946 2389 1042 2488 large
1062 2406 1172 2464 utun·

397 2575 470 2648 tur;
480 2581 703 2657 quamquam
720 2525 757 2627 in
772 2555 828 2628 his
847 2555 956 2628 rebus
966 2581 1042 2628 non
1056 2557 1167 2656 negli-

396 2730 537 2823 gentius
551 2727 732 2796 exercitati
748 2721 897 2795 fuerunt
910 2747 1022 2821 quam
1038 2729 1166 2796 caeteri.

394 2897 446 2964 Ex
464 2892 592 2965 eodem
610 2893 895 2963 ratiocinationis
917 2889 1061 2962 defectu
1079 2916 1167 2991 pen·

393 3062 453 3135 det
486 3062 525 3133 id
564 3061 663 3162 quod
705 3088 726 3134 a
761 3017 982 3158 quibasdam
1018 3058 1165 3148 dicitur,

392 3255 502 3329 penes
533 3229 751 3301 rhetoricam
782 3228 896 3300 solam
922 3251 1015 3315 esse,
1037 3225 1094 3298 vel
1120 3227 1165 3298 ad

279 3405 284 3410 “
392 3397 487 3468 hano
503 3399 680 3494 inprimis
696 3398 893 3493 pertinere,
913 3397 1166 3464 convenientia

311 3649 333 3670 ..
392 3572 605 3658 argumenta
621 3560 782 3629 invenire
806 3561 844 3625 in
865 3554 1012 3653 singulis
1027 3560 1163 3644 causis3

389 3753 500 3826 quarn
532 3727 581 3798 ob
618 3751 695 3799 rem
731 3725 830 3798 hunc
853 3747 929 3796 esse
962 3723 1163 3795 Rhetorica
1235 3817 1246 3829 N

389 3891 500 3965 finem
526 3892 677 3992 quidam
703 3891 884 3963 dixerunt.
914 3892 1035 3960 Primo
1062 3890 1161 3956 'enim

392 4049 480 4124 nihil
495 4051 566 4124 hoc
585 4049 707 4126 differt
725 4050 771 4122 ab
792 4054 1022 4136 inventione3
1047 4052 1160 4117 immo
