3198 5288
394 600 449 656 XL

456 806 494 878 3⁰
517 807 686 901 Rhetores
708 834 891 906 germumn
922 813 1088 896 Groect'oe,
1112 812 1183 880 sive
1204 814 1326 883 Attici.

440 1040 493 1111 Ad
513 1025 677 1138 tempora
699 1043 864 1110 venimus
887 1065 953 1138 per
974 1064 1054 1137 quae
1079 1045 1190 1138 magis
1208 1066 1250 1112 ac
1272 1044 1387 1139 magis

390 1155 592 1226 Rhetoricae
608 1151 700 1226 fines
721 1156 908 1252 propagati
927 1156 1279 1240 sunt;.intereadum
1305 1155 1384 1250 ejus

392 1295 566 1366 reguum,
595 1273 668 1340 suis
701 1284 886 1367 tamquam
920 1270 1143 1368 descriptum
1172 1272 1385 1368 provinciis,

389 1383 600 1456 Aristoteles
642 1386 888 1456 constitueret.
926 1384 1108 1483 Cephalus
1137 1387 1314 1482 prooemia
1349 1400 1385 1456 et

390 1501 553 1598 epilogos
576 1503 727 1598 scripsit.
752 1499 851 1570 [dem
875 1497 1008 1570 fecerat
1041 1500 1229 1597 Antiphon
1256 1501 1387 1569 Rham·

390 1615 515 1685 nusius
541 1613 641 1710 (4ο),
671 1617 756 1710 qui,
789 1616 931 1710 Gorgiae
957 1614 1141 1713 exemplo,
1159 1614 1383 1711 singularum

389 1753 508 1799 rerum
551 1727 777 1799 laudationes
818 1733 1176 1827 vituperationesque
1218 1729 1383 1798 tractavit

389 1843 489 1940 (43);
510 1841 739 1914 Rhetoricam
759 1859 870 1914 artem
890 1847 1096 1941 composuit
1113 1843 1201 1941 (44),
1221 1844 1378 1912 nonnul-

391 1957 497 2053 laque
523 1956 649 2026 ‹locuit
680 1956 724 2026 ad
757 1960 1026 2028 Grammaticen
1052 1959 1270 2054 pertinentia
1293 1954 1382 2052 (45).

390 2073 652 2156 Theramenes,
688 2096 797 2166 quem
834 2073 935 2142 aiunt
967 2074 1136 2144 Isocratis
1172 2074 1383 2168 magistrum

386 2367 467 2427 ἡδέα·
485 2366 599 2447 μάθησις
614 2365 666 2448 γὰρ
679 2365 725 2426 καὶ
742 2364 847 2444 λέγεται
874 2365 1026 2449 μεταφοραί·
1053 2367 1099 2426 καὶ
1117 2365 1132 2426 ὃ
1150 2363 1222 2446 λέγει
1235 2365 1383 2447 Θεόδωρος,

388 2465 419 2526 τὸ
434 2463 517 2525 ιιιιινὲιγ
528 2463 624 2544 λέγειν.
644 2467 688 2524 De
701 2465 869 2536 Theodom,
881 2465 917 2523 cf.
929 2464 1074 2544 Spengel,
1088 2466 1105 2524 l.
1117 2466 1135 2522 l.
1149 2483 1178 2542 p.
1191 2465 1311 2540 98-103.

429 2565 489 2641 (4ο)
511 2565 681 2640 Fragmenta
700 2564 770 2624 citat
787 2561 887 2622 Suidas
908 2563 938 2620 iu
957 2583 1022 2623 voe.
1038 2559 1110 2640 ἅμα,
1126 2595 1164 2606 -
1182 2557 1327 2633 αἰσθέσθαι,
1344 2599 1383 2612 .-

305 2671 307 2676 '
390 2658 532 2741 ιιοχθηρός.
549 2661 593 2720 cf.
607 2661 745 2738 Spengel,
759 2659 778 2716 l.
792 2661 812 2720 l.
824 2679 855 2738 p.
871 2661 1011 2718 105-106.

429 2757 490 2836 (43)
511 2757 580 2828 cic,
596 2757 675 2814 Brut
700 2757 762 2816 llll.
786 2757 996 2834 Antiphontem
1020 2757 1047 2814 ἐν
1061 2762 1115 2820 τοῖς
1129 2751 1236 2836 ἀπόροις
1263 2751 1384 2833 τεχνικὸν

391 2853 477 2914 luisse
487 2850 558 2909 dicit
568 2851 711 2922 Caecilius,
722 2851 801 2929 apud
813 2852 958 2911 Plutarch.
973 2864 993 2909 t.
1005 2851 1055 2922 lX,
1065 2871 1096 2928 p.
1109 2850 1176 2926 309,
1188 2847 1235 2907 ed.
1244 2848 1341 2908 tteisk.

386 3027 388 3031 Ι
427 2948 489 3028 (44)
498 2947 618 3025 Longin.
631 2949 674 3006 De
690 2949 750 3009 an.
765 2971 771 3005 :
787 2945 912 3030 Ἀντιφῶν
925 2971 954 3006 τε
965 2947 992 3006 ἓν
1004 2954 1062 3016 ταῖς
1079 2949 1227 3028 ῥητορικοῖς
1238 2941 1384 3024 τέχναιςτὸ

389 3045 436 3124 μὲν
455 3043 488 3105 τὰ
509 3042 628 3128 παρόντα
644 3043 696 3126 ἔρη
710 3043 760 3103 καὶ
773 3044 928 3126 ὑπάρχοντα
946 3043 991 3104 καὶ
1011 3041 1195 3126 παρακείμενα
1214 3040 1384 3101 αἰσθάνεσθαι

390 3140 460 3201 κατὰ
480 3139 558 3224 φύσιν
570 3131 637 3200 εἶναι
648 3146 727 3218 ἡμῖν·
749 3138 823 3223 παρὰ
835 3140 911 3223 ρύσιν
924 3138 995 3200 δὲτὸ
1009 3138 1149 3220 φυλάττειν
1163 3140 1248 3198 αὐτῶν
1265 3135 1383 3198 ἐκποδὼν

387 3237 533 3320 γενομένων
555 3241 652 3320 ἐναργῆ
672 3236 717 3298 τὸν
741 3237 834 3298 πόθον·
861 3236 918 3298 ὅθεν
944 3235 1035 3310 ἐπειδὴ
1059 3234 1133 3319 παρὰ
1159 3234 1236 3319 φύσιν
1259 3235 1329 3295 εὀτὶν
1352 3235 1384 3295 τὸ

390 3334 578 3414 μνημονεύειν,
599 3341 617 3408 ἡ
638 3334 833 3418 ρροντὶςκαὶὴ
856 3335 967 3409 ἄσκησις
990 3333 1138 3417 κράτιστον.
1159 3333 1211 3394 Rh.
1233 3353 1275 3410 gr.
1292 3333 1382 3390 Walz.

386 3449 409 3493 t.
425 3435 474 3503 lx,
490 3454 519 3512 p,
536 3435 602 3506 576.
1097 3445 1100 3454 ⁴

431 3533 495 3611 (ιε)
522 3514 565 3592 cf.
590 3534 735 3610 Spengel,
762 3533 780 3589 ι.
809 3530 967 3609 l.p.116.
996 3531 1040 3588 oe
1063 3527 1251 3606 Antiphontis
1274 3527 1384 3586 oratio-

391 3628 478 3688 nibus
488 3629 633 3707 disputata
647 3629 852 3707 praetermitt03
876 3627 985 3705 quippe
999 3645 1064 3704 quae
1078 3624 1189 3682 adrem
1199 3642 1291 3681 meam
1311 3623 1383 3682 nihil

390 3734 506 3792 lat-iant.
518 3735 594 3792 Satis
615 3734 671 3792 erit
683 3745 797 3793 notasse
807 3751 934 3810 quonam
949 3750 1055 3808 genere
1072 3727 1186 3787 dicendi
1205 3748 1274 3788 usus
1288 3729 1383 3788 fuerit

390 3831 505 3908 Proleg.
518 3834 562 3890 De
583 3830 711 3892 statibus
725 3852 732 3887 ι
752 3836 822 3910 τρεῖς
841 3826 1007 3910 χαρακτῆρες
1019 3828 1071 3885 εἶσι
1082 3829 1130 3898 τῆς
1144 3828 1283 3908 ῥητορικῆς
1295 3871 1304 3900 ,
1329 3817 1382 3886 οἷον

390 3925 448 3999 εἴδη
459 3922 592 4007 ρρᾶσεως·
601 3922 740 4005 αὐστηρὸν,
748 3918 945 4002 μέσον,ἰαχνο’ν.
961 3916 1124 3992 Θουκυδίδης
1135 3915 1184 3996 μὲν
1195 3918 1240 3978 τὸν
1253 3917 1383 3999 αὐστηρὸν

347 4063 348 4067 1
388 4022 547 4096 ἐπετήδευσε
558 4025 731 4103 χαρακτῆρα,
752 4019 797 4079 καὶ
810 4019 935 4099 Ἀντιφῶν
947 4021 961 4077 ὁ
977 4015 1074 4100 ῥήτωρ,
1088 4017 1102 4074 ὁ
1115 4013 1208 4077 τούτου
1219 4015 1383 4082 διδάσκαλος.

390 4122 442 4182 tth.
456 4141 498 4198 gr.
527 4121 615 4178 Walz.
632 4132 655 4176 t.
669 4120 730 4192 Vll,
748 4140 777 4197 p.
804 4119 851 4176 26.
873 4116 986 4194 l‘roleg.
1002 4119 1122 4187 Auctor,
1134 4117 1269 4194 exemplo
1280 4114 1383 4173 ductus

391 4225 577 4303 Hermogenis
607 4225 674 4302 qui,
699 4226 740 4284 l)e
757 4224 882 4297 Formis,
899 4220 1121 4301 tt,ibi‹tt.,1t1,
1143 4241 1172 4298 p.
1186 4221 1261 4292 386,
1285 4232 1381 4276 narrat
1472 4289 1475 4294 ἱ
