3198 5288
693 789 836 856 CAPUT
862 792 1047 862 PRIMUM.

382 1006 434 1068 De
460 999 670 1098 Eloquentia
690 1001 791 1098 opud
810 1007 953 1072 Groecos
975 1001 1056 1074 inde
1074 1031 1100 1073 o
1124 1013 1366 1080 remotissimis

559 1113 771 1211 temporibus
787 1141 896 1212 nsque
913 1117 966 1186 ud
977 1126 1185 1216 Augustum.

424 1363 688 1459 Eloquentiam,
699 1363 973 1456 cujusstudium
987 1364 1054 1436 fuit
1061 1370 1252 1464 proprium
1265 1371 1365 1441 Athe

376 1471 505 1547 narum
521 1478 599 1574 (1),
629 1478 660 1548 si
686 1479 769 1574 quis
794 1478 983 1551 hominem
1010 1483 1112 1577 quasi
1137 1484 1363 1572 consideret,

376 1607 560 1689 totamque
588 1594 664 1690 ejus
689 1607 830 1664 aetatem
855 1612 1082 1690 percenseat3
1105 1623 1175 1694 qua
1194 1602 1359 1696 coeperit,

377 1721 487 1802 utque
505 1707 718 1797 adoleverit,
734 1723 775 1778 ut
791 1708 837 1778 ad
849 1710 1044 1804 quemdam
1062 1712 1220 1806 juventae
1235 1713 1360 1784 ilorem

373 1822 596 1916 pervenerit,
619 1838 659 1892 ut
677 1826 928 1912 consenuerit;
955 1842 1112 1920 quatuor
1131 1828 1262 1923 gradus
1280 1854 1364 1925 pro·

375 1959 567 2033 cessusque
584 1938 662 2032 ejus
677 1940 848 2009 inveniet.
868 1947 875 1980 t

427 2053 542 2122 Prima
559 2068 643 2123 aetas
664 2052 732 2122 suit
748 2051 817 2122 sub
835 2052 1095 2143 Themistocle,
1114 2056 1284 2143 Cimone,
1300 2062 1363 2126 Pe·

373 2171 476 2260 ricle,
487 2167 681 2256 Alcibiade,
690 2167 900 2262 Thucydide
911 2171 965 2262 (a)
975 2196 984 2257 ;
995 2195 1214 2266 quamquam
1232 2186 1268 2241 et
1281 2173 1363 2242 Pisi·

374 2300 526 2373 stratus,
547 2283 669 2353 multis
700 2283 804 2351 annis
828 2297 912 2352 ante
942 2283 1028 2369 hos,
1050 2299 1086 2353 et
1105 2285 1214 2382 paulo
1240 2288 1361 2356 senior

413 2547 455 2625 (ι)
469 2547 527 2605 Cic.
540 2547 632 2618 brut,
643 2545 723 2604 Xltt:
736 2571 748 2598 ι
759 2547 831 2616 Quis
845 2546 921 2603 enirn
933 2558 983 2602 aut
994 2546 1130 2622 Argivum
1145 2559 1299 2621 oratorem,
1312 2561 1361 2605 aut

372 2641 569 2710 Corinthium,
587 2652 637 2698 aut
651 2639 825 2698 Thebanum
840 2641 895 2698 scit
915 2641 1003 2700 luisse
1018 2641 1198 2720 temporibus
1214 2642 1271 2701 illis
1282 2646 1294 2700 l
1307 2644 1362 2701 nisi

372 2738 441 2816 quid
453 2737 489 2795 de
499 2734 707 2814 Epaminonda,
719 2735 805 2795 docto
823 2737 958 2812 homine,
972 2739 1113 2814 suspicari
1125 2738 1203 2797 libet.
1226 2740 1362 2798 Lacedae·

372 2835 500 2894 monium
516 2853 587 2891 vero
602 2834 741 2914 usquead
759 2834 815 2892 boe
833 2846 949 2910 tempus
966 2834 1063 2891 audivi
1081 2835 1168 2893 fuisse
1184 2839 1360 2896 neminem.»

372 2913 575 3004 VellPaterc,
588 2931 611 3004 l,
629 2931 680 2988 18:
698 2957 709 2983 ιι
722 2931 786 2992 Una
799 2927 870 2989 urbs
880 2930 976 2990 Attica
989 2929 1122 3007 pluribus
1134 2931 1217 2987 annis
1228 2933 1362 3010 eloquen-

372 3031 432 3100 tiae,
444 3048 531 3107 quam
542 3028 675 3086 universa
688 3028 813 3098 Graecia,
829 3026 1025 3106 operibusque
1039 3027 1139 3085 floruit
1153 3039 1206 3084 etc.
1220 3027 1303 3088 »Ubi
1319 3030 1361 3086 le-

373 3126 498 3204 gendum
515 3137 613 3184 censet
629 3125 781 3184 Ruhnken.
795 3125 867 3184 llist
882 3126 946 3184 crit.
962 3126 1043 3183 Orat.
1066 3144 1150 3201 graec.
1168 3144 1198 3200 p.
1217 3125 1360 3186 xxxvlt:

372 3227 457 3285 «Una
473 3223 542 3282 urbs
557 3223 653 3284 Attica
667 3221 801 3301 pluribus
815 3243 892 3282 sanae
915 3223 1102 3298 eloquentiae‚
1122 3242 1209 3300 quam
1227 3225 1362 3282 universa

371 3321 491 3389 Graecia,
507 3319 644 3398 operibus
657 3318 792 3379 effloruit.
807 3345 820 3372 ι
840 3319 926 3390 Quod
944 3319 1032 3396 paulo
1045 3319 1181 3377 audacius
1195 3321 1317 3380 videtur.
1331 3323 1362 3379 Si

371 3417 440 3495 quid
458 3417 637 3486 mutandum,
652 3415 775 3475 libenter
788 3435 854 3474 cum
878 3415 981 3494 Lipsio
995 3415 1167 3492 conjiciam:
1184 3417 1270 3477 «Una
1291 3417 1361 3478 urbs

372 3515 476 3584 Attica,
490 3514 623 3591 pluribus
631 3515 714 3572 annis
722 3513 898 3590 eloquentia,
910 3531 996 3590 quam
1006 3511 1143 3572 universa
1158 3514 1280 3586 Graecia,
1290 3515 1360 3574 ube-

372 3613 488 3690 riusque
500 3612 606 3671 floruit.
621 3637 633 3663 ι

411 3707 454 3785 (2)
465 3706 506 3768 Cf.
522 3707 637 3768 Ruhnk.
651 3707 669 3763 l.
688 3707 707 3763 l.
722 3705 1089 3783 p.xxxv111-xt;cujus
1104 3707 1170 3777 viri,
1183 3710 1282 3784 graecis
1295 3710 1361 3767 lati-

372 3805 473 3880 nisque
495 3803 600 3861 litteris
615 3802 808 3872 ornatissimi,
828 3821 948 3860 aureum
969 3800 1098 3860 libellum
1121 3805 1225 3880 saepius
1241 3807 1361 3882 pervol-

373 3902 450 3958 venti
464 3900 533 3957 mihi
549 3897 743 3956 occurrebant
751 3898 838 3955 multa
852 3917 915 3974 quae
927 3899 1128 3957 tantummodo
1137 3900 1274 3973 indicata,
1285 3903 1362 3960 desi·

374 3999 486 4058 derium
516 3997 558 4054 sui
595 3993 759 4064 faciebant3
788 4015 845 4051 non
883 4015 976 4072 pauca
1003 4015 1075 4052 vero
1105 4018 1122 4054 a
1152 3999 1361 4058 recentioribus

374 4085 535 4156 editoribus
553 4091 711 4150 emendam.
728 4093 795 4150 Haec
809 4094 878 4150 dum
894 4108 1034 4166 notarem,
1061 4096 1128 4154 satis
1152 4096 1230 4174 larga
1252 4099 1360 4156 exstitit

375 4197 503 4268 tarrag03
519 4189 595 4248 unde
611 4189 734 4247 maxime
749 4189 835 4266 digna
849 4205 1006 4251 memoratu
1020 4213 1180 4272 excerpam.
