3174 5284
468 521 696 602 cunm'mx
720 532 864 600 xxxv.
930 603 938 616 ,
1118 555 1157 625 71

391 731 648 831 vituperabilia
690 730 888 804 laudantes.
924 732 961 800 Si
1005 728 1050 800 de
1088 732 1165 802 Diis

389 899 641 997 heroibusque
678 897 903 970 laudationes
933 922 971 969 se
1007 899 1165 983 scribere

390 1093 497 1167 posse
541 1061 762 1166 praedicant3
807 1062 1002 1138 hominum
1041 1084 1165 1140 autem

393 1232 572 1331 quosdam
594 1230 757 1322 laudare,
779 1231 960 1329 quosdam
979 1231 1085 1304 dictis
1116 1235 1166 1304 la·

393 1425 553 1490 cessere,
584 1407 760 1495 tanquam
778 1422 909 1496 pravos
944 1411 1007 1468 aut
1031 1397 1163 1484 bonos,

389 1591 506 1662 quum
533 1575 734 1661 utrumque
756 1562 873 1636 fucere
908 1577 1166 1662 'susceperunt3

390 1762 457 1808 nos
476 1762 538 1808 eos
559 1733 874 1833 reprehendimus,
892 1733 993 1830 quod
1022 1736 1169 1832 scripse·

393 1920 479 1976 runt
510 1903 735 1976 laudationes
774 1909 849 1974 sive
875 1901 1054 1990 deorum,
1095 1906 1170 1972 sive

395 2074 524 2168 optimi
540 2070 730 2167 cujusque,
745 2072 820 2140 sive
834 2091 957 2140 rerum
971 2093 1052 2166 quae
1063 2093 1171 2139 sensu

392 2251 539 2322 carent,
587 2235 726 2307 nedum
768 2235 979 2306 animalium
1022 2236 1170 2306 rationis

395 2406 617 2502 expertium
677 2403 763 2499 quia
802 2407 966 2472 Deorum
1006 2416 1070 2472 aut
1104 2402 1170 2473 he·

401 2595 506 2642 roum
544 2568 666 2640 nullus
701 2567 909 2638 laudatione
948 2565 1086 2663 indiget
1122 2565 1169 2637 ab

399 2725 611 2810 hominibus
630 2737 851 2834 compositas
871 2732 1058 2806 infraillos
1075 2740 1172 2806 enim

402 2919 457 2975 est
485 2889 644 2975 laudatio
674 2925 930 3000 quaecumque,
959 2903 1014 2974 vel
1037 2907 1174 3001 optime

405 3069 573 3158 condita3
619 3093 660 3140 ea
718 3093 804 3140 vero
865 3072 1017 3140 maxime
1074 3068 1176 3139 inde·

405 3262 512 3325 cora,
548 3262 629 3334 qnae
651 3234 895 3335 proficiscitur
932 3260 954 3308 a
991 3234 1175 3334 sophistis.

405 3408 487 3495 Qua
498 3403 543 3476 de
555 3397 728 3500 referunt
736 3401 977 3492 Aristotelem,
987 3417 1052 3475 aut
1066 3374 1177 3474 alium

407 3586 504 3642 certe
537 3569 758 3668 quemdam,
802 3567 933 3640 dixisse
968 3567 1014 3641 ad
1051 3572 1180 3642 Anaxi-

414 3762 555 3809 menem
601 3737 658 3808 vel
692 3739 903 3836 quempiam
956 3736 1183 3835 sophistam,

409 3905 472 3998 qui
506 3900 764 3972 laudationem⁴
784 3907 976 4000 scripserat
1005 3905 1079 3972 sive
1103 3902 1184 3972 Dia-

410 4095 483 4157 nae,
518 4072 591 4140 sive
628 4071 818 4161 Minervae,
857 4083 966 4166 atque
994 4094 1034 4140 ea
1064 4091 1186 4168 super-
