3174 5284
445 539 509 622 ιον
764 539 1114 611 annotationis

439 703 496 762 aa
530 701 629 784 utut·
667 701 827 780 statuam
856 683 999 781 enom.
1025 702 1141 766 neue.
1168 703 1316 768 aueum.
1349 725 1431 788 μισ

438 821 471 860 se
492 798 524 858 τί
550 797 660 859 πιθανόν
680 798 884 860 definientem:
907 799 948 861 'lt
968 799 1017 880 μίν
1036 802 1072 868 ὥς
1092 799 1137 860 iul
1154 798 1184 861 τθ
1204 799 1275 884 πολίιΙ
1294 799 1430 881 γινόμενον

437 898 485 958 καί
505 895 543 976 μὴ
563 902 702 978 πανταχοῦ
726 898 873 972 ἀληθιθσν,
896 895 1008 977 μιτίχον
1032 895 1124 978 μέντοι
1149 899 1250 978 μᾶλλον
1269 898 1429 972 ἀληθιίαςῆ

436 991 557 1077 ψιύδους,
571 991 680 1054 πιθανόν
695 995 760 1054 ἔστι.
776 995 829 1054 llh.
842 996 979 1074 gnwttlz.
993 1007 1013 1056 t.
1024 996 1076 1070 lll,
1091 1017 1121 1074 p.
1134 995 1202 1069 736.
1214 996 1353 1068 Quaednm
1364 1010 1430 1056 sunt

437 1090 569 1150 addenda
583 1092 619 1152 de
634 1089 842 1170 Συγκαταθέσει,
856 1092 1014 1152 secundum
1025 1093 1147 1154 Stoicos.
1159 1093 1245 1172 Diog.
1258 1093 1355 1153 laert.
1368 1095 1388 1153 l.
1399 1095 1430 1165 l.‚

438 1190 478 1258 att
491 1211 500 1246 ι
514 1187 573 1261 Τήν
591 1211 621 1248 τι
639 1188 829 1271 ἀπροπτωσίαν
850 1188 1003 1269 ίπιστήμην
1021 1194 1069 1250 τοῦ
1086 1187 1152 1250 πότι
1168 1189 1209 1249 δεῖ
1226 1189 1429 1269 συγκατατίθε-Υ

437 1289 509 1362 σθαι,
518 1286 565 1346 καί
589 1285 637 1365 μή.
651 1287 747 1346 Verba
760 1287 949 1366 συγκατάθοσις
957 1300 987 1346 et
995 1286 1242 1368 συγκατατίθεσθαι,
1252 1289 1379 1368 explicat
1394 1309 1432 1350 ex

437 1383 562 1444 Arriano
590 1383 655 1442 tul.
675 1385 759 1458 Gett,
771 1386 848 1461 XIX,
867 1405 879 1442 ι
894 1408 901 1445 :
915 1410 928 1438 ι
941 1385 975 1445 ln
988 1403 1024 1444 eo
1035 1383 1121 1460 libro,
1134 1404 1227 1463 grace
1242 1385 1354 1444 scilieet
1367 1406 1432 1445 ora-

437 1481 527 1555 tione,
543 1480 683 1559 scriptum
697 1481 734 1539 ad
749 1481 824 1540 hano
840 1482 1012 1542 sententiam
1022 1482 1143 1561 legimns
1154 1503 1160 1539 ι
1172 1482 1237 1541 visa
1247 1480 1347 1558 animi,
1358 1500 1434 1559 quas

437 1573 583 1659 portarier
594 1576 762 1656 philosophi
775 1579 943 1656 appellant,
958 1560 1068 1656 tinibus
1087 1597 1168 1638 mens
1191 1577 1318 1638 bominis
1337 1577 1434 1655 prima

436 1673 533 1732 statim
555 1674 652 1753 specie
669 1673 824 1734 accidentis
838 1673 875 1734 ad
895 1675 1025 1734 animum
1048 1675 1091 1734 rei
1107 1675 1227 1753 pellitur
1248 1673 1328 1753 (alii:
1352 1673 1432 1734 acci-

437 1768 575 1830 dentibus
590 1770 627 1830 ad
642 1772 771 1831 animem
792 1772 958 1853 repellitur)
978 1791 1038 1831 non
1054 1771 1213 1832 voluntatis
1233 1783 1318 1847 sunt,
1338 1791 1434 1851 neque

438 1864 611 1938 arbitraria5
626 1868 677 1927 sed
689 1869 719 1926 vi
739 1867 865 1946 quadam
885 1887 937 1928 sua
953 1867 1083 1928 inferunt
1095 1887 1157 1927 sese
1177 1866 1356 1930 hominibus.
1370 1867 1434 1928 No-

438 1962 575 2023 scitandae
587 1963 776 2043 probationes
784 1977 891 2040 autem,
905 1985 977 2044 ques
989 1963 1191 2043 συγκαταθέσεις
1202 1976 1318 2040 vocant,
1325 1962 1434 2042 quibus

439 2059 541 2120 eedem
571 2062 635 2120 visa
658 2075 822 2126 noscuntur,
855 2081 889 2122 ac
913 2061 1110 2140 dijudicantur
1132 2061 1331 2122 :voluntariae
1352 2073 1431 2136 sunt,

439 2157 571 2235 fiuntque
584 2158 735 2217 bominum
751 2158 902 2219 arbitratu.
924 2160 1100 2239 Propterea,
1121 2178 1212 2238 quum
1227 2177 1315 2220 sonus
1328 2158 1434 2237 aliquis

439 2254 647 2329 formidabilis,
668 2268 719 2316 ant
732 2256 810 2316 σακία
821 2270 872 2316 aut
886 2276 923 2316 ex
941 2256 1046 2332 ruina3
1070 2270 1121 2317 aut
1137 2258 1305 2336 repentinus
1320 2256 1434 2318 nescius

440 2352 503 2430 (alii
522 2374 530 2411 ι
553 2354 656 2426 nescii,
668 2354 697 2412 h.
713 2374 740 2420 e,
755 2353 835 2432 quod
855 2353 998 2430 nescitur,
1020 2355 1057 2414 cl.
1070 2355 1130 2430 tx,
1148 2362 1198 2429 ra)
1212 2354 1336 2433 periculi
1355 2373 1428 2412 nun..

440 2449 522 2523 cius,
550 2451 596 2510 vel
620 2450 691 2530 quid
722 2451 802 2511 aliud
827 2450 970 2529 ejusmodi
999 2452 1129 2526 lactum
1154 2452 1294 2530 sapientis
1316 2471 1435 2530 quoque

439 2545 568 2606 animum
592 2548 740 2627 paulisper
763 2547 892 2622 moveri,
922 2560 952 2608 et
972 2549 1120 2622 contrahi,
1146 2559 1177 2607 et
1200 2548 1357 2627 pallescere
1379 2566 1435 2606 ne-

440 2663 552 2704 cessum
582 2657 645 2716 est;
673 2666 733 2705 non
761 2647 902 2726 opinione
927 2646 1050 2726 alicujus
1080 2647 1154 2706 male
1185 2657 1356 2726 praecepta,
1383 2645 1434 2710 aed

439 2739 615 2820 quibusdam
642 2742 770 2802 motibus
791 2742 900 2824 rapidis
930 2756 959 2803 et
984 2743 1155 2804 inconsultis
1178 2743 1305 2803 officium
1330 2744 1437 2804 mentis

440 2849 529 2916 atque
552 2839 673 2899 rationis
690 2839 941 2920 praevertentibus.
963 2842 1034 2900 Mox
1056 2851 1151 2900 tamen
1165 2839 1214 2900 ille
1241 2839 1356 2918 sapiens
1373 2839 1436 2898 ibi-

441 2931 508 2994 dem
532 2933 579 3002 τίις
607 2933 730 3005 τοιαύτας
756 2935 920 3018 φαντασίας,
940 2937 1003 2996 visa
1030 2938 1109 2997 istaec
1133 2936 1223 2996 οπίιυί
1242 2936 1287 2996 sni
1310 2936 1437 2996 terrifica

441 3051 499 3091 oon
514 3031 670 3112 approbat,
686 3030 743 3091 hoc
758 3031 818 3109 est‘,
829 3033 859 3092 σθ
873 3030 1112 3113 συγκατατίθεται,
1131 3030 1192 3093 οὐδὲ
1209 3029 1436 3114 προσεπιδοξσίζιι,

439 3130 491 3192 sed
515 3131 616 3210 abjicit
639 3132 827 3210 respuitque3
851 3151 906 3191 nec
926 3131 953 3190 ei
970 3131 1156 3191 metuendum
1170 3149 1232 3190 esse
1247 3131 1277 3190 in
1291 3130 1335 3188 his
1354 3131 1438 3209 quio·

440 3247 528 3307 quam
541 3227 666 3290 videtur.
690 3231 785 3306 Atque
799 3228 856 3286 bo'c
877 3227 954 3286 inter
974 3228 1140 3307 insipientis
1153 3226 1357 3305 sapientisque
1370 3228 1437 3286 ani*

442 3343 521 3384 inum
545 3323 664 3384 dillerre
696 3325 814 3398 dieunt,
838 3321 919 3404 quod-
943 3329 1101 3402 Impietas,
1131 3325 1227 3402 qualia
1253 3341 1315 3382 esse
1338 3323 1437 3402 primo

440 3420 530 3480 animi
550 3422 595 3480 sui
610 3423 697 3502 pulsu
710 3423 773 3482 visa
788 3434 856 3481 sunt
870 3441 947 3481 sava
960 3434 990 3480 et
1003 3440 1116 3501 aspera,
1132 3422 1199 3480 talia
1213 3440 1275 3480 esse
1295 3439 1367 3478 vero
1377 3441 1437 3498 pu-

442 3529 483 3577 tat
496 3530 526 3577 et
540 3517 642 3578 eadem
655 3519 779 3599 incepta,
792 3539 858 3598 quae
871 3519 954 3597 quasi
967 3515 1034 3596 jure
1048 3517 1204 3577 metuenda
1215 3517 1282 3590 sint,
1294 3536 1347 3578 sua
1356 3535 1435 3594 quo.-

440 3633 499 3693 que
508 3615 673 3674 assensione
688 3614 844 3695 approbat,
867 3611 914 3674 καί
932 3611 1155 3695 προσεπιδοξσίζιι.
1172 3615 1234 3672 lloe
1248 3612 1326 3674 enim
1342 3611 1436 3671 verbo

441 3710 549 3786 Stoici,
561 3730 651 3789 quum
666 3711 824 3792 superista
835 3729 868 3769 rc
878 3708 1039 3784 disserunt,
1052 3709 1184 3769 utuntur.
1197 3709 1315 3786 Sapiens
1328 3719 1436 3783 autem,

442 3827 534 3887 quum
547 3806 676 3867 breuiter
685 3820 714 3867 et
726 3807 851 3869 strictim
870 3807 970 3866 colore
989 3817 1077 3885 atque
1096 3807 1180 3866 vultu
1198 3817 1297 3864 motus
1316 3817 1382 3876 est,
1404 3805 1436 3872 ob

442 3902 677 3985 συγκατατίθεται,
695 3905 745 3964 sed
759 3915 865 3964 statum
879 3906 1069 3983 vigoremque
1080 3905 1229 3964 sententiae
1246 3921 1305 3962 suae
1318 3903 1436 3974 retinet,

441 4023 528 4082 quem
545 4003 580 4062 de
594 4003 793 4084 hujuscemodi
810 4004 878 4063 visis
894 4022 1009 4082 semper
1023 4002 1135 4076 habuit,
1148 4015 1182 4062 ut
1196 4002 1232 4061 de
1243 4001 1362 4060 minime
1373 4019 1437 4058 me.-
1554 4033 1555 4040 υ

443 4104 576 4177 utendis,
603 4103 652 4162 scd
678 4102 773 4161 fronte
793 4101 862 4161 salsa
877 4113 906 4160 et
926 4100 1082 4161 formidine
1103 4102 1182 4170 inani
1207 4096 1438 4174 territantibusffl
1553 4107 1554 4146 ι
