3174 5284
364 567 429 640 106
681 557 1036 632 Attuornrlortos

361 763 516 838 describit,
529 761 601 822 ibid.
614 784 646 820 :a
657 759 772 831 Quibus
788 755 970 836 temporibus
985 754 1065 834 quod
1078 752 1193 814 dicendi
1208 771 1298 830 genus
1311 753 1358 810 vi-

362 864 474 944 guerit,
489 882 527 921 ex
542 858 723 936 Thucydidis
747 857 877 935 seriptis.
890 901 898 915 .
910 897 938 914 ..
960 853 1083 930 intelligi
1106 851 1230 910 maxime
1251 861 1357 928 potest.

363 969 494 1030 Grandes
514 977 597 1026 erant
607 962 722 1036 verbis,
737 961 836 1028 crebri
852 959 1016 1031 sententiis,
1030 955 1247 1035 compressione
1260 973 1357 1012 rerum

361 1067 486 1140 breves,
509 1074 538 1122 et
562 1059 601 1120 oh
625 1054 692 1141 eam
718 1059 810 1137 ipsam
835 1077 951 1119 causam
981 1054 1130 1116 interdum
1150 1049 1360 1112 subobscuri.»

360 1164 464 1223 Narrat
477 1157 638 1218 Rhetoricae
650 1168 767 1231 ortum,
778 1153 851 1213 ibid.
865 1153 932 1214 Vlll
948 1175 955 1212 ι
972 1151 1055 1210 «Sed
1075 1163 1108 1208 ut
1119 1150 1296 1208 intellectum
1314 1159 1358 1204 est

363 1269 501 1337 quautam
514 1255 575 1314 rim
591 1252 712 1314 haberet
725 1264 861 1312 accurata
874 1263 905 1309 et
920 1249 995 1308 lacta
1011 1247 1138 1328 quodam
1153 1245 1242 1305 modo
1254 1245 1361 1315 oratio,

364 1369 433 1414 tunc
445 1353 533 1412 etiam
544 1349 674 1429 magistri
683 1348 800 1408 dicendi
811 1347 895 1406 multi
907 1345 1005 1406 subito
1018 1343 1224 1403 exstiterunt.»
1238 1336 1281 1404 Ci.
1293 1339 1362 1402 Plu-

364 1451 456 1510 tarch.
469 1447 646 1510 Themistou.
661 1439 697 1507 li.

402 1583 437 1641 v.
448 1582 517 1658 s-9.
538 1570 729 1660 Ἆγιρειιντει.
742 1619 765 1634 ..
789 1577 822 1634 n
842 1575 914 1650 ‚usa
933 1559 1113 1637 ΑΓΗΕ7.
1132 1616 1140 1632 .
1157 1555 1271 1636 ΤΕΕ.
1298 1567 1359 1630 ue-

363 1704 434 1762 mini
444 1702 566 1762 dubium
586 1699 742 1772 videbitur,
753 1699 824 1777 quin
841 1685 873 1762 Η
889 1709 1017 1778 ponatur
1029 1719 1083 1778 pro
1103 1683 1181 1769 ΟΡ,
1199 1697 1362 1777 incanaque

365 1827 473 1906 expleri
498 1824 607 1897 debeat
615 1843 669 1903 per
689 1823 800 1882 litteras
816 1809 901 1887 ΟΝ.
917 1821 1003 1895 Quod
1026 1821 1063 1882 ad
1083 1820 1216 1902 ἀγορεύειν
1241 1816 1363 1895 adlinet,

364 1933 524 1994 audiendus
540 1934 685 2010 lloxopat.
695 1932 859 2008 Prolegom.
877 1931 999 1990 liberor.
1019 1929 1072 1988 Rh.
1089 1948 1132 2006 gr.
1144 1929 1236 1987 Walz.
1247 1970 1256 2002 ‚
1269 1941 1291 1986 t.
1305 1928 1363 1999 Vl,

365 2053 394 2110 p.
406 2033 457 2106 8-9
471 2051 478 2086 ε
491 2027 533 2088 Τὸ
549 2026 577 2086 δὲ
588 2025 722 2108 ἀγορεύειν
732 2025 806 2086 οὐδὲν
823 2026 888 2086 ἄλλο
903 2023 1016 2099 lorini
1033 2026 1061 2085 ἐν
1084 2021 1171 2103 λόγοις
1188 2005 1364 2104 κοιὶᾞοολαῖε

365 2125 435 2207 ἔχειν
454 2123 490 2184 τὰ
509 2129 556 2184 τοῦ
574 2123 659 2202 δήμου
683 2123 840 2205 πράγματα.

406 2225 439 2282 V.
453 2243 497 2282 ιο.
509 2220 728 2302 Διατριὸικῶν...
741 2222 823 2280 lianc
835 2240 936 2278 vocem
952 2241 1017 2298 quaa
1027 2221 1059 2278 in
1073 2218 1169 2280 lexic.
1185 2205 1294 2292 decrat,
1309 2217 1365 2276 ad-

365 2317 654 2378 uideruntDDAEdit.
663 2319 697 2376 Η.
709 2315 847 2394 Stephon.
860 2317 959 2388 Thes,
972 2330 991 2375 t.
1001 2317 1036 2388 ll,
1048 2335 1077 2395 p.
1092 2315 1177 2390 1359,
1190 2314 1237 2372 ed.
1252 2314 1363 2386 oinos,

364 2437 381 2474 e
393 2414 496 2493 Polyb.
509 2415 645 2492 Excerpt.
659 2432 689 2490 p.
700 2412 768 2489 395,
780 2411 827 2472 ed.
841 2412 928 2470 Mai:
945 2410 1045 2484 Εὗηθες
1060 2409 1106 2470 καὶ
1121 2410 1305 2491 μειρακιῶδες,
1316 2410 1364 2470 καὶ

367 2507 528 2591 διατριὸικὸν
547 2507 676 2590 φαίνεται.
694 2506 782 2581 lbid.‚
797 2527 826 2585 p.
840 2516 894 2578 401
906 2529 918 2570 ,ε
940 2504 1123 2588 μειρακιώδεις
1136 2503 1183 2564 καὶ
1196 2504 1364 2590 διατριόικοί.

368 2609 480 2682 Quibus
515 2609 546 2666 in
578 2608 651 2666 locis
686 2606 864 2666 arbitrantur
899 2607 1059 2684 siguificare
1088 2607 1295 2680 scholasticum,
1325 2605 1364 2664 cf.

368 2703 532 2764 Philodem.
562 2703 618 2761 eol.
640 2704 685 2774 X,
704 2723 733 2762 v.
762 2712 808 2772 ιι..
832 2703 983 2784 Significat
1004 2721 1122 2781 quoque
1155 2706 1234 2760 illum
1255 2709 1367 2778 quiea*-

368 2800 571 2858 ercitationibus
590 2801 728 2857 rhetoricis
745 2799 887 2873 incumbit,
904 2800 980 2858 sicut
1000 2797 1030 2858 b.
1053 2800 1073 2858 l.
1086 2799 1272 2878 interpretor.
1290 2799 1366 2860 Vide

371 2897 514 2957 Rhetoric.
539 2895 659 2976 Neapoli
682 2895 813 2967 editam,
831 2915 897 2953 ann.
923 2897 1013 2966 1832,
1041 2897 1097 2956 col.
1125 2897 1192 2970 ΧΠ,
1204 2915 1233 2956 v.
1248 2897 1365 2954 26-32:

305 3063 307 3076 Ι
370 2992 424 3055 Τὸν
441 2990 489 3071 μὲν
509 2991 595 3052 τοίνυν
613 2989 773 3073 διατριὸικὸν
792 2989 891 3074 ῥήτορε
904 2993 962 3058 πῶς
986 2989 1018 3051 ἂν
1036 2990 1172 3073 λέγοιμεν,
1183 2990 1296 3052 καθόσον
1312 2991 1366 3074 ρή-

371 3114 440 3174 τωρ,
452 3089 547 3170 ἀγαθὸν
568 3087 598 3149 ἂν
612 3073 734 3170 γενέσθαι
753 3089 900 3164 πολιτικὸν,
919 3087 946 3158 ὅς
962 3112 993 3168 γε
1013 3089 1066 3148 οὐδ’
1081 3086 1150 3158 ὅλοις
1165 3088 1300 3158 πολιτικὸς
1322 3092 1369 3150 εὖ·

373 3188 486 3270 ρίοκετο,
503 3185 615 3248 καθόσον
631 3186 741 3269 §risum
882 3175 886 3180 ’

410 3287 444 3343 V.
468 3285 512 3344 15.
530 3273 630 3350 Οὗτος.
642 3327 669 3343 ..
693 3283 836 3344 Videlicet
862 3285 998 3364 Sophiste
1009 3304 1098 3364 quem
1117 3285 1269 3344 confutare
1290 3283 1367 3346 Pbi-

372 3383 504 3442 lodemus
516 3401 671 3462 aggressus
680 3395 733 3442 est.

413 3497 447 3554 V.
471 3496 517 3556 16.
541 3493 737 3562 Καπανεύς...
761 3497 924 3567 Quemnam
945 3495 1050 3556 Noster
1074 3497 1240 3574 Capaneum
1262 3496 1370 3575 appel-

373 3592 477 3652 laverit
489 3593 721 3672 investigmr'dum
736 3607 789 3654 est.
803 3593 908 3671 Agitur
921 3592 958 3654 de
980 3593 1101 3654 araneis
1116 3613 1218 3654 corum
1235 3594 1288 3672 qui
1308 3611 1370 3652 nou

373 3688 547 3749 dubitabant
571 3709 724 3769 opponere
756 3691 867 3748 oratori
899 3689 1014 3768 copiam
1038 3690 1152 3750 dicendi
1181 3691 1287 3768 adepto
1315 3709 1371 3769 per

374 3788 496 3850 multam
514 3789 545 3846 in
572 3788 740 3866 eloquentia
771 3787 927 3848 insumam
955 3807 1090 3866 operam,
1119 3789 1285 3866 Capaneum
1320 3788 1371 3846 vi-

374 3885 456 3948 ribus
491 3897 600 3944 nunnae
629 3885 750 3956 fretum,
784 3903 880 3968 neque
905 3884 969 3946 aliis
1000 3885 1156 3963 iruparem,
1193 3901 1370 3965 quamquam

373 4001 428 4060 per
454 4001 485 4040 se
519 3980 653 4055 doctum,
682 3980 712 4038 h.
742 3991 782 4040 ε’
801 3978 1016 4057 distillat-roa,
1044 3982 1138 4060 qualis
1158 3983 1214 4041 fuit
1239 3983 1291 4042 ille
1311 3983 1371 4040 ho-

330 4143 332 4150 ,
375 4078 501 4138 mericus
521 4078 673 4150 Phemius,
690 4076 795 4155 Odyss.
812 4077 909 4154 tatu,
932 4082 1000 4152 347.
1021 4079 1067 4140 Ad
1087 4079 1216 4156 mythico
1235 4090 1372 4158 tempora

375 4176 509 4254 coniugi,
539 4175 590 4235 ubi
623 4176 750 4236 occlusit
787 4175 921 4238 Euadnes
954 4178 1100 4246 maritus3
1132 4195 1209 4238 uuus
1245 4198 1261 4236 e
1297 4191 1369 4255 sep-
