3174 5284
475 543 522 612 lN
549 543 868 610 PlllLODEMUM.
1098 542 1156 613 161

174 726 227 784 λῶν
249 724 332 806 (eod.
345 723 446 786 Ambr.
459 743 488 798 n,
501 723 551 802 μὲν
568 725 674 798 σίλλων,
696 743 849 804 perperam
859 748 869 800 γ
881 723 952 784 eod.
970 725 1093 784 λίποιτε
1112 729 1163 784 τῶν

176 821 224 900 μὲν
238 823 338 895 καλῶν,
365 821 473 881 rectius
489 835 658 902 propterea
672 841 735 900 quae
755 822 929 900 sequuntur)
948 818 1104 903 προτρέπειν
1119 823 1165 880 ἄν-

176 917 309 999 τίχεσθαι·
324 919 377 977 τῶν
393 915 422 976 δὲ
431 919 522 977 κακῶν
534 917 689 999 ἀπέχεσθαι,
706 919 723 976 Ι.
733 919 764 991 l.,
779 939 811 997 p.
828 920 893 976 118.

217 1017 252 1076 V.
269 1035 373 1093 19-20.
388 1013 558 1096 Βουσίριδας.
572 1059 599 1074 ..
622 1015 666 1075 Ex
682 1014 717 1074 iis
729 1035 803 1074 unns
819 1015 875 1074 luit
886 1015 1059 1094 Polycrates,
1080 1039 1167 1098 quem

178 1111 282 1170 acerbe
299 1112 395 1190 carpit
415 1111 503 1169 lsocr.
530 1111 562 1170 in
583 1111 707 1172 Busirid.
727 1111 868 1182 Laudat,
898 1112 945 1186 ll,
974 1112 1020 1171 ed.
1052 1115 1167 1193 Corey:

179 1207 373 1287 Αίσθανόμενος
398 1200 442 1267 οθν
455 1208 508 1287 οὐχ
530 1205 628 1282 ἥκιστά
644 1229 674 1266 σε
689 1205 937 1289 μεγαλαυχούμενον
953 1208 998 1268 tet
1010 1232 1039 1268 τε
1053 1213 1086 1291 τῇ
1100 1212 1170 1270 Βου-

180 1305 277 1388 σίριδος
300 1306 451 1391 ἀπολογίᾳ,
472 1306 518 1367 καί
540 1309 574 1386 τῇ
594 1307 752 1389 Σωκράτους
765 1305 928 1390 κατηγορίᾳ,
950 1309 1112 1390 πειράσομαί
1128 1332 1170 1370 σοι

182 1405 292 1475 ποιῆσαι
307 1403 467 1487 καταφανὲς,
480 1402 523 1464 δτι
534 1409 582 1463 τοῦ
599 1401 702 1471 δέοντος
719 1401 789 1463 πολὺ
805 1403 833 1464 ἐν
847 1403 1005 1487 θμροτίροις
1016 1413 1080 1473 τοῖς
1084 1405 1171 1485 λόγοις

183 1497 331 1581 διήμαρτες.
345 1501 403 1561 vix
416 1501 552 1580 estquod
566 1519 700 1559 moneam
713 1501 765 1559 lte
780 1520 836 1580 pto
851 1523 860 1557 ι
875 1501 1016 1561 exhibere
1029 1525 1061 1562 ει.

222 1595 257 1653 V.
271 1598 377 1657 22-23.
389 1596 435 1658 Τθ
447 1599 500 1657 τῶν
521 1597 626 1677 θγαθῶν
641 1594 798 1656 ἔπαθλα...
820 1597 939 1656 Curres
959 1599 1000 1657 ita
1022 1618 1052 1657 se
1067 1598 1172 1658 haheat

184 1693 268 1752 docet
276 1693 379 1754 Theon
388 1739 397 1771 ,
407 1695 439 1754 in
452 1698 609 1774 Progymn.
621 1713 629 1751 ε
639 1693 836 1774 Ἀπολογεῖσθαι
847 1693 895 1774 μὲν
905 1693 956 1777 γίιρ
965 1694 1093 1778 προσήκει
1111 1697 1172 1778 περί

182 1787 235 1848 τῶν
250 1788 348 1851 ἀδικεῖν
362 1788 449 1852 αἰτίαν
467 1788 593 1874 ίχόντων,
611 1791 725 1850 ἐπαινεῖν
737 1789 765 1850 δί
778 1791 836 1858 sole
845 1789 889 1850 ert
909 1792 1001 1874 ἀγαθῷ
1013 1816 1067 1852 τινι
1079 1792 1173 1875 διαφί-

185 1906 283 1967 ροντας,
295 1886 495 1969 [ingewtlz.
508 1889 560 1964 tl,
569 1908 599 1967 p.
612 1885 1097 1959 231.'Errntlosllosterlrabet,lte
1109 1893 1175 1952 llu-

185 1984 234 2041 sic.
250 1983 304 2043 col.
323 1985 451 2062 XXXIV,
468 2007 497 2046 v.
513 1986 604 2046 εει-ιδ
615 2007 623 2045 ε
633 1985 688 2047 Καὶ
700 1983 752 2068 γδρ
766 1984 824 2064 δρα
835 1985 929 2046 πολλθ
944 1985 971 2046 δὲ
997 1988 1115 2068 (rectius
1137 1993 1178 2068 cel

184 2078 229 2138 καί
243 2079 348 2159 μιγοίλα
358 2081 429 2142 κακά
439 2082 596 2166 (subintell.
609 2081 674 2165 παρ’
687 2081 833 2157 Ἀθηναίοις
850 2082 992 2164 ἐτιμήθη)·
1005 2083 1052 2144 καί
1065 2085 1175 2166 piloso-

186 2182 247 2266 ρίαν
259 2181 305 2256 δὴ,
313 2178 355 2241 διδ
365 2178 396 2240 τὸ
410 2177 448 2257 μὴ
460 2175 611 2260 τετευχίναι
619 2186 674 2248 τοῖς
681 2176 751 2247 llere
760 2177 884 2256 ίπαθλον,
895 2179 1032 2258 ἀτιμάζειν
1041 2179 1099 2264 epe
1110 2184 1176 2262 (pro

186 2277 244 2362 ίρα,
264 2296 419 2358 operarum
429 2277 550 2354 errore).
561 2277 655 2336 Vertit
676 2277 828 2336 llercnlan.
839 2277 1021 2344 Academica
1034 2303 1047 2330 ι
1062 2279 1176 2338 Etenim

186 2390 216 2436 et
235 2377 327 2438 multa
342 2375 399 2434 alie
419 2374 515 2448 simul,
531 2386 561 2432 et
578 2392 683 2452 magna
704 2373 779 2432 mala
797 2380 825 2430 tn
833 2380 925 2450 pretio
937 2373 1077 2448 ᾗσθιεειε,
1092 2374 1177 2433 ideo-

187 2493 243 2554 que
250 2471 479 2550 Philosophiam,
491 2481 595 2548 utpote
607 2489 671 2548 quae
696 2476 827 2528 universis
838 2469 989 2549 premium
1002 2489 1060 2528 non
1072 2471 1176 2550 perlat,

188 2569 354 2650 despectam
368 2585 462 2627 cerne.
475 2592 488 2619 ι
505 2566 567 2627 Nisi
580 2585 627 2624 me
641 2564 754 2624 animus
765 2564 847 2640 fallit,
863 2573 918 2632 τοῖς
930 2564 1014 2638 ὅλοις,
1028 2566 1177 2626 λιλαίεαι

189 2668 328 2746 significat
341 2665 421 2744 quod
435 2661 517 2736 δλως,
532 2676 564 2722 ut
574 2683 674 2722 sensns
684 2663 731 2738 sit,
745 2670 774 2720 εἰε
787 2669 951 2734 universum,
966 2684 1025 2722 non
1037 2671 1177 2723 universes.

192 2764 269 2837 Quid
288 2759 317 2823 ‘si
335 2763 454 2822 latinam
474 2761 744 2841 interpretationem
773 2761 814 2819 ita
834 2761 1000 2820 refinxeris:
1023 2761 1180 2822 «Philoso-

189 2863 289 2943 phiam
304 2873 407 2941 utpote
421 2877 487 2938 quae
512 2859 663 2937 praemlum
678 2879 739 2917 non
754 2859 850 2938 pariat
869 2859 899 2918 in
917 2858 1103 2932 universum,
1129 2879 1179 2917 eos

189 2960 218 3038 (i.
230 2980 257 3019 e.
273 2955 475 3033 Athenienses)
488 2955 679 3035 despicientes
695 2976 809 3016 cerne.»
825 2957 873 3014 Sic
895 2952 962 3022 ὅλως
986 2962 1177 3012 inuniversum

190 3055 341 3135 significat,
356 3054 434 3133 apud
450 3051 582 3126 Aristot,
594 3052 677 3113 llhet
694 3055 736 3127 ll,
748 3073 782 3110 υτ
796 3051 846 3112 Διὸ
860 3050 1177 3131 κοίμνοντες,πενο’μενοι,

188 3154 307 3235 ἐρῶντες,
321 3153 456 3233 διψῶντες,
474 3147 542 3216 ὅλως
555 3149 740 3228 ίπιθυμυῦντες
754 3146 850 3227 καὶμὴ
868 3151 1067 3228 κατορθοῦντες,
1079 3147 1178 3229 ὀργίλοι

192 3249 240 3308 εἰσί
252 3249 298 3308 καί
312 3245 516 3330 εὖπαρόρμητοι.

228 3349 261 3407 V.
273 3348 377 3418 ενδ-εγ.
393 3343 595 3425 Προκρίνουτες.
609 3388 636 3403 ..
653 3344 696 3402 Cl.
712 3343 872 3404 Philodem.
886 3342 1031 3402 Rhetoric.
1055 3343 1177 3422 Neapoli

190 3443 310 3518 editam,
325 3463 392 3501 ann.
417 3443 506 3513 1835,
525 3444 580 3500 ccl.
595 3441 662 3512 Vll,
681 3461 708 3498 v.
727 3441 823 3498 8-10:
844 3438 898 3500 Τὸν
912 3437 963 3519 γθιρ
980 3437 1035 3518 βίον
1054 3431 1107 3498 οἷον
1123 3441 1179 3498 ἀνθ’

144 3609 147 3616 Ι
190 3537 245 3598 οίου
256 3538 423 3622 προέκριναν.
440 3541 528 3598 lsocr.
550 3540 650 3599 Helen.
669 3539 789 3597 Encom.
805 3539 890 3610 XXI,
906 3537 950 3595 ed.
971 3537 1094 3614 Coray.:
1117 3540 1181 3604 Πῶς

191 3635 241 3720 γὰρ
256 3639 285 3696 σθ
299 3634 561 3714 καταγελαστότατον
580 3632 756 3709 πεπόνθασιν,
775 3636 799 3692 εἰ
815 3632 863 3704 τὴν
878 3635 978 3692 ἑαυτῶν
990 3632 1066 3716 φύσιν
1082 3638 1181 3694 ἱκανω-

191 3732 268 3814 τίραν
284 3723 352 3793 εἶναι
367 3731 501 3810 νομίζουσι
514 3735 562 3804 τῆς
576 3730 628 3791 ὑπὸ
640 3734 693 3791 τῶν
706 3733 770 3790 θεῶν
785 3729 984 3814 προκριθείσης

623 3924 756 3946 ι*-
