3174 5284
467 567 516 634 IN
542 565 854 634 PHILODEMUM.
901 590 903 599 ·
1107 590 1154 658 99

163 735 208 788 τοῦ
220 732 258 795 ὡς
271 728 389 810 ραίνεται
400 727 537 802 κεῖσθαι,ἢ
554 728 612 788 ἀντὶ
626 733 672 788 τοῦ
684 731 719 796 ὡς
731 730 757 788 ἐν
767 725 839 809 λόγῳ
852 729 943 788 εἰπεῖν.
957 729 1049 800 Quem
1065 730 1155 788 citans

165 824 336 894 Bromfietd„
358 825 486 883 Glossar.
500 824 531 882 in
548 824 671 900 AEschyl.
695 826 774 884 I’ers.
787 844 815 882 v.
834 843 900 896 720,
922 823 1021 882 addit:
1043 825 1100 889 «ὡς
1116 823 1155 882 ἑνί

163 920 242 1002 λόγῳ,
250 923 320 979 utin
330 921 479 997 Phaedon„
489 942 516 1000 p.
528 923 577 993 65,
586 921 632 980 ed.
643 919 847 998 IVytterrbach.
855 922 1029 999 Corruptius
1042 921 1155 980 Phavo-

164 1021 256 1077 rinus:
271 1023 307 1086 ὡς
319 1021 346 1078 ἐν
362 1018 452 1100 ὀλίγῳ,
465 1039 565 1077 errore
580 1020 649 1078 satis
660 1018 758 1078 obvio.
767 1046 779 1070 υ
795 1021 839 1078 De
852 1019 1021 1077 confusione
1032 1019 1059 1076 ἐν
1070 1018 1153 1099 Ιὀλίγῳ

164 1128 194 1172 et
204 1114 242 1173 ένλ
252 1114 333 1196 λόγῳ,
344 1116 380 1174 cI.
392 1118 459 1177 Not.
471 1118 500 1174 in
512 1118 626 1175 Platon.
643 1116 780 1176 Phaedon.
794 1117 880 1175 Bekk.
896 1117 943 1175 I.I.
961 1116 1024 1187 t.V,
1040 1136 1069 1193 p.
1085 1117 1151 1174 316.

167 1213 249 1274 Unde
264 1212 391 1292 liquebat
406 1214 483 1292 apud
505 1213 705 1273 Philodemum
722 1234 777 1292 pro
795 1215 822 1273 ἐν
841 1212 922 1294 ὀλίγῳ
939 1211 1038 1292 λέγειν,
1052 1214 1152 1291 legen-

159 1311 231 1369 dum
246 1332 327 1370 esse:
344 1309 467 1391 ξυλλόγῳ
483 1310 577 1390 λέγειν.

202 1411 235 1466 V.
252 1409 353 1484 18-19.
367 1405 551 1488 Ἇμῳιόολίας.
564 1451 572 1469 .
585 1453 591 1467 .
609 1409 730 1469 Ατίειοι.
747 1408 832 1467 IIhet.
848 1409 897 1482 III,
911 1409 939 1482 5,
965 1407 1053 1468 tradit
1064 1430 1150 1490 quem

161 1505 199 1564 ιιιί
213 1506 298 1567 finem
311 1503 447 1586 ἀρρίόολα
468 1504 599 1566 adhiberi
615 1505 728 1586 possint
742 1503 813 1564 τἛν
835 1501 883 1582 μὲν
898 1503 942 1580 δὴ,
956 1505 986 1565 τὸ
1002 1496 1031 1566 τό
1050 1507 1077 1566 ἐν
1097 1516 1151 1573 τοῖς

158 1599 326 1680 συνδέσμοις.
341 1600 470 1683 Δεύτερον
483 1600 520 1676 δέ,
538 1601 572 1674 ,τὸ
591 1611 646 1670 τοῖς
659 1602 732 1670 ἰδίοις
745 1600 855 1682 ὀνόμασι
873 1601 970 1683 λέγειν,
988 1605 1034 1664 καί
1046 1601 1084 1683 μὴ
1095 1613 1149 1672 τοῖς
1260 1671 1262 1687 γ

64 1723 67 1732 ·
159 1697 320 1780 περιέχουσι.
339 1697 454 1780 Τρίτον,
468 1697 505 1778 μὴ
521 1697 691 1783 ἀμῳιόόλοις·
709 1705 793 1760 ταῦτα
809 1699 853 1774 δέ,
876 1697 918 1762 δν·
930 1699 967 1780 μὴ
988 1700 1023 1761 τίι
1044 1701 1150 1762 ἐναντία
1274 1741 1281 1768 -,

160 1800 327 1878 προαιρῆται·
346 1796 410 1880 ότιερ
424 1802 559 1872 ποιοῦσιν,
573 1795 637 1858 όταν
660 1795 741 1876 μηθὲν
762 1796 845 1880 ἔχωσι
861 1799 960 1877 λέγειν,
981 1802 1149 1879 προσποιῶν·

157 1915 204 1954 ται
217 1891 246 1954 δέ
260 1916 287 1952 τι
299 1893 394 1971 λέγειν.

199 1992 232 2050 V.
245 2010 345 2051 rto-21.
361 1994 423 2054 Τῶν
439 1991 540 2074 ἄρθρων
555 1992 649 2074 φησίν.
661 2037 669 2052 .
681 2037 688 2049 .
702 1993 792 2062 Idem,
812 1992 850 2052 de
872 1992 1059 2052 articulorum
1081 2014 1150 2062 usu,

157 2083 231 2145 ibid.
250 2088 288 2146 6:
304 2086 360 2146 Καὶ
377 2085 415 2168 μὴ
431 2086 630 2168 έπιζευγνόναι,
644 2089 704 2148 ἀλλ’
718 2086 836 2171 ἑκατέρῳ
850 2087 984 2171 ἑκάτερον·
999 2093 1047 2162 τῆς
1058 2112 1149 2168 γυναι-

158 2180 217 2258 κὸς,
230 2185 278 2255 τῆς
296 2183 434 2266 ἡμετέρας.
457 2183 524 2244 Ἐὰν
539 2175 738 2264 δὲ’συντόμως,
758 2185 790 2246 τὸ
810 2185 936 2245 ἐναντίον·
950 2189 998 2257 τῆς
1016 2185 1147 2267 ἡμετέρας

155 2277 288 2355 γυναικός.

197 2378 229 2438 V.
243 2380 348 2447 υσ-υδ.
362 2375 596 2460 Ἐπαγορεόοντας.
607 2424 614 2436 .
627 2424 633 2436 .
646 2380 777 2458 Intelligo
788 2379 853 2438 iIIos
864 2380 913 2458 qui
922 2380 983 2458 jam
995 2379 1080 2437 dictis
1095 2380 1145 2437 aIi-

157 2473 227 2549 quid
239 2474 388 2552 adjiciunt,
398 2476 435 2534 υί.
454 2477 489 2534 Η.
500 2476 637 2554 Stephan.
649 2477 736 2536 Thes.
748 2477 793 2534 ed.
809 2476 900 2535 Didot
910 2520 917 2548 ‚
926 2489 946 2534 t.
958 2476 1007 2548 III,
1018 2496 1046 2554 p.
1060 2477 1146 2546 1366;

155 2570 304 2644 videlicet,
324 2584 357 2630 ut
376 2572 457 2651 quasi
472 2593 525 2652 per
536 2571 656 2634 ἔνστασιν
670 2585 794 2652 urgeant
807 2587 836 2632 et
851 2574 968 2634 instent.

99 2693 105 2708 ·
195 2667 515 2748 Ιί.υ3-υί.Συνδέσμους
536 2669 794 2731 συνανταποδιδόναι.
817 2717 824 2728 .
846 2670 1144 2730 ,Αοουιοῑονεόόειι-

154 2765 207 2824 das
216 2787 278 2826 esse
293 2766 510 2844 conjunctiones
524 2769 665 2828 Isocrates
685 2766 805 2828 tradidit
814 2770 844 2828 in
856 2768 934 2829 Iibro
947 2771 989 2828 IIe
1002 2770 1144 2838 motione,

155 2862 235 2940 cujus
257 2863 417 2940 fragmenta
436 2864 604 2942 suppeditat
620 2869 699 2924 Max.
715 2865 835 2924 Planud.
850 2866 947 2926 Schol.
959 2866 989 2924 in
1006 2867 1143 2944 IIermog.

157 2959 197 3016 lte
208 2960 338 3030 Fortuit,
352 2961 365 3020 Ι
378 2981 387 3030 ;
404 2949 455 3018 Ith.
468 2980 510 3038 gr.
527 2961 616 3020 WaIz.
639 2973 660 3019 t.
673 2961 706 3034 V,
721 2981 751 3040 p.
773 2961 848 3038 469:
869 2966 916 3022 Δεῖ
933 2959 975 3019 δέ.
989 3004 995 3018 .
1009 2961 1067 3021 οιαὶ
1083 2959 1143 3023 τοὺς

152 3053 312 3134 συνδέσμους
325 3053 384 3122 τοὺς
396 3054 491 3123 αὐτοὺς
509 3053 548 3136 μὴ
568 3054 693 3138 σύνεγγυς
709 3055 819 3132 τιθέναι,
836 3057 882 3117 ιιαί
899 3056 944 3119 τὸν
957 3055 1084 3136 ἑπόμενον
1101 3059 1141 3135 τῷ

154 3147 291 3232 ἡγουμένῳ
304 3149 513 3212 ἀνταποδιδόναι.
527 3153 574 3212 Sic
586 3154 705 3214 Aristot.
719 3154 802 3214 Rhet.
818 3155 875 3222 ΙΙΙ,
891 3153 926 3211 5:
947 3151 1028 3212 Ἔστι
1041 3149 1140 3233 δ’ἀρχὴ

152 3250 197 3320 τῆς
209 3247 318 3322 λέξεως,
332 3247 362 3310 τὸ
378 3247 532 3320 ἑλληνίζειν.
546 3250 635 3310 Τοῦτο
649 3249 672 3308 δ’
685 3249 755 3310 ἐστὶν
771 3252 799 3312 ἓν
813 3249 900 3310 πέντε·
915 3252 1019 3332 πρῶτον
1035 3247 1098 3328 μέν,
1112 3251 1139 3307 ἓν

133 3381 135 3389 ι
152 3351 203 3414 τοῖς
214 3343 380 3424 συνδέσμοις.
394 3391 401 3402 .
414 3391 420 3404 .
434 3349 494 3406 ,Δεῖ
511 3344 539 3406 δέ
559 3344 607 3416 ἕως
626 3345 777 3426 μέμνηται,
792 3346 993 3406 ἀνταποδιδόναι
1006 3343 1140 3420 ἀλλήλους,

153 3438 195 3498 καί
206 3439 274 3519 μήτε
288 3441 392 3523 μακρὰν
406 3445 538 3525 ἀπαρτᾷν,
560 3443 627 3522 μήτε
643 3443 787 3524 σύνδεσμον
806 3443 859 3526 πρδ
881 3443 1028 3524 συνδέσμου
1046 3445 1140 3503 ἀποδι-

152 3531 222 3596 δόναι
236 3541 283 3594 τοῦ
299 3537 451 3616 ἀναγκαίου·
466 3539 591 3618 ὀλιγαχοῦ
605 3536 655 3621 γὰρ
670 3535 805 3620 ἁρμόττει.
819 3538 968 3598 Contraria
983 3539 1068 3596 docet
1080 3540 1139 3597 De

152 3632 287 3706 mettius,
309 3634 352 3692 De
373 3635 563 3708 Elocutione,
594 3635 679 3708 LIII,
701 3635 747 3694 ed.
766 3633 950 3696 Schneider:
976 3633 1034 3717 Χρὴ
1052 3633 1138 3693 δὲκαὶ
1257 3626 1260 3636 ’

151 3724 207 3796 τοὺς
220 3725 380 3806 συνδέσμους
395 3728 433 3806 μὴ
454 3729 527 3807 μόλοι
550 3730 769 3790 ἀνταποδίδοσθαι
789 3729 919 3814 ἀκριόῶς·
944 3721 997 3791 οἷον
1022 3719 1065 3812 τῷΙ
1080 3729 1136 3790 Μὲν

151 3824 285 3906 συνδέσμῳ
302 3823 346 3884 τὸν
361 3827 406 3888 Δέ.
424 3825 610 3910 Μικροπρεπές
622 3827 673 3912 γὰρ
695 3833 712 3899 ἡ
728 3827 861 3912 ἀκρίόεια·
877 3827 945 3902 σἰλλδι
963 3829 1008 3887 καὶ
1020 3831 1136 3886 ἀτακτο-

151 3919 226 4002 τέρως
237 3925 295 3988 πῶς
308 3927 424 4006 χρῆσθαι
435 3927 493 3984 κτλ.

186 4019 217 4076 V.
235 4020 284 4078 25.
301 4021 416 4082 Τοῦτον.
430 4066 456 4082 ..
477 4022 693 4102 Intelligendum
721 4043 783 4082 esse
812 4025 925 4082 videtur·
942 4025 977 4082 de
1000 4021 1135 4099 sophista

150 4135 231 4190 quern
243 4118 394 4176 confutare
407 4121 593 4180 Philodemus
607 4141 756 4200 aggressus
771 4137 823 4180 est.
839 4122 947 4180 Similia
961 4119 1086 4194 reperias
1105 4120 1134 4176 in

150 4212 313 4286 Rhetorica,
326 4215 444 4293 Neapoli
465 4217 551 4292 edita,
567 4239 633 4275 ann.
653 4223 734 4286 1832,
758 4220 812 4276 τοί.
828 4220 924 4276 V-VI:
949 4215 1043 4276 Ἰαῦτιί
1056 4240 1085 4274 τε
1102 4216 1132 4286 δέ,
