3198 5288
1134 554 1200 615 UH

202 693 404 794 Υοοίθοοειευο
419 717 542 768 curant
557 695 670 772 muita
686 694 919 783 confirmant3
936 695 1000 769 sed
1016 720 1057 768 ea
1068 697 1200 794 quaede

207 808 276 880 hac
286 823 364 890 arte
377 807 575 904 reliquerat
583 809 897 906 (88)interierunt‚
906 815 1030 909 paucis
1041 816 1201 910 exceptis

207 921 419 1019 fragmentis
455 921 500 994 de
529 924 745 1008 Elocutione
777 925 870 1022 (89),
895 923 940 996 de
969 941 1201 1022 argumento·

207 1059 287 1108 rum
296 1039 493 1134 partitione
502 1037 598 1134 (φο),
611 1037 656 1110 de
666 1038 822 1112 laudeac
832 1040 1097 1136 vituperatione
1110 1040 1201 1138 (91).

247 1288 310 1367 (88)
332 1288 419 1366 Diog.
432 1289 527 1348 Laert.
537 1290 572 1361 V,
584 1289 641 1358 46:
656 1287 717 1370 περί
729 1290 783 1347 τῶν
792 1290 910 1368 ἀτεχνιῶν
922 1289 1046 1351 πίστεων.
1060 1289 1135 1351 lbid.
1146 1302 1182 1364 47
1196 1315 1202 1348 :

208 1383 267 1466 περί
282 1383 600 1468 ἐνθυμημάτων,-περ“ι
616 1384 900 1468 εύρημαίτων,--περί
915 1384 1023 1460 λέξεως,
1043 1421 1083 1434 ·-
1094 1410 1203 1470 παραγ-

207 1479 328 1559 γίλματα
339 1484 489 1562 ῥητορικῆς,
503 1481 578 1542 lbid.
594 1483 631 1550 48
644 1503 650 1538 :
662 1481 818 1564 προοιμίων,
826 1515 865 1526 --
876 1481 937 1563 περὶ
948 1480 1044 1562 τέχνης
1053 1487 1205 1566 ῥητορικῆς,

207 1609 245 1622 -
253 1575 314 1658 περὶ
325 1580 427 1658 τεχνῶν
439 1579 595 1658 ῥητορικῶν,
607 1574 674 1650 είδη,
689 1611 726 1622 --
734 1575 795 1657 περὶ
807 1573 976 1657 ύπσιρίσεως.
984 1575 1057 1636 lbid.
1074 1577 1130 1636 50:
1141 1577 1203 1660 περὶ

207 1672 346 1732 δικανικῶν
359 1671 455 1751 λόγων,
467 1671 503 1732 α’.
951 1710 953 1714 -

245 1771 307 1848 (89)
328 1771 448 1848 Dionys.
466 1772 557 1830 Halic.
579 1773 623 1830 Da
643 1772 782 1850 Compos.
794 1769 914 1834 ¹verbor.
929 1771 1009 1843 xvl,
1025 1788 1054 1848 p.
1068 1789 1143 1844 αια,
1155 1771 1202 1832 ed.

200 1867 326 1927 ,schania
342 1865 445 1948 εἴρηται
465 1864 495 1926 δέ
507 1890 567 1926 τινα
578 1867 639 1949 περί
654 1865 754 1928 τούτων
776 1865 821 1926 καί
839 1865 1003 1949 Θεοφράστῳ
1017 1869 1055 1948 τῷ
1067 1866 1202 1950 φιλοσόφῳ

205 1961 353 2045 κοινότερον
365 1965 393 2024 ἓν
404 1964 529 2046 τοῖςπερὶ
541 1963 653 2041 Λίξεως,
661 1963 723 2026 ἔνθα
734 1964 823 2047 ὁρίζει,
836 1963 896 2024 τίνα
904 1962 1021 2043 ὀνόματα
1034 1963 1111 2047 φύσει
1121 1963 1201 2039 καλὰ,

206 2059 419 2142 παραδείγματος
432 2059 519 2136 ἕνεκα,
528 2051 565 2120 ῶν
579 2060 780 2140 συντιθεμένων,
788 2059 873 2133 καλὴν
886 2058 970 2120 οίεται
978 2059 1024 2121 καί
1035 2062 1204 2144 μεγαλοπρε-

205 2161 248 2228 πῆ.
254 2155 412 2236 γενήσεσθαι
424 2157 473 2230 τῆν
490 2158 595 2241 φράσιν,
607 2157 654 2220 καί
665 2151 741 2226 αὖθις
754 2158 832 2242 ἕτερα
846 2156 930 2240 μικρδι
939 2157 984 2218 καί
994 2161 1120 2233 ταπεινὰ,
1130 2147 1201 2226 ἐθῶν

205 2252 264 2312 οὔτε
272 2253 376 2332 ποίημα
381 2255 497 2337 χρηστδν
507 2252 612 2315 ἔσεσθαί
617 2277 708 2338 φησιν,
714 2254 774 2316 οὔτε
782 2253 869 2334 λόγον.
880 2255 1006 2326 Idem‚in
1013 2255 1109 2332 Lysia,
1118 2255 1201 2316 Xlll:

192 2351 233 2408 ,ἐν
248 2355 313 2428 γοῦν
328 2359 383 2418 τοῖς
402 2353 464 2434 περὶ
484 2350 588 2422 Λέξεως
612 2361 748 2434 γραφεῖσι,
771 2355 824 2412 τῶν
843 2375 873 2410 τε
893 2349 982 2421 ἄλλων
999 2349 1201 2432 καταμέμφεται

205 2446 364 2525 (subintell.
390 2447 570 2532 Θεόφραστος)
596 2452 650 2508 τῶν
673 2448 734 2530 περὶ
752 2448 800 2516 τὰς
819 2447 961 2514 ἀντιθέσεις
980 2446 1025 2506 καί
1042 2445 1201 2530 παρισώσεις

205 2543 250 2605 καί
265 2545 460 2628 παρομοιώσεις
472 2546 563 2628 καὶτὰ
571 2545 746 2627 παραπλησία
759 2542 860 2612 τούτοις
870 2543 999 2626 σχήματα
1013 2542 1188 2604 διεσπουδακό

205 2666 257 2702 των
259 2687 316 2703 ......
329 2642 455 2704 Κωλύσει
466 2644 488 2702 δ’
500 2643 574 2704 οὐδὲν
590 2642 653 2710 ίσως
672 2643 718 2702 καί
733 2641 781 2716 τῆν
795 2640 865 2712 λέξιν
879 2639 961 2714 αύτλν
978 2645 1060 2701 θεῖναι
1072 2646 1119 2700 τοῦ
1133 2643 1202 2702 Θεο-

206 2737 332 2819 φροίστου.
347 2737 428 2800 Ἔστι
440 2737 469 2798 δὲ
480 2737 536 2812 ἥδε·
550 2738 712 2806 «Ἀντίθεσις
724 2739 746 2796 δ’
754 2738 810 2798 ἐστὶ
821 2740 947 2821 τριττῶς,
961 2736 1023 2796 ὅταν
1034 2739 1073 2820 τῷ
1085 2738 1156 2818 αὐτῷ
1167 2736 1202 2796 τθι

205 2835 325 2911 ἐναντία,
342 2835 360 2908 ἢ
380 2840 419 2918 τῷ
432 2836 542 2918 ἐναντίῳ
562 2835 597 2896 τθι
612 2835 727 2912 αύτδ,ῆ
745 2845 801 2903 τοῖς
814 2834 940 2902 ἐναντίοις
956 2833 1061 2895 ἐναντία
1084 2835 1201 2911 (rectius

206 2933 372 2992 Markland:
385 2931 420 2992 τθι
428 2932 546 3013 ἐναντία)
557 2933 811 3016 προκατηγορηθείη.
826 2935 1007 3014 Τυσαυταχῶς
1027 2930 1077 3012 γὰρ
1090 2932 1202 3014 ἐγχωρεῖ

205 3032 389 3111 συζευχθῆναι.
408 3029 518 3092 Τούτων
536 3029 564 3088 δὲ
581 3030 612 3090 τὸ
626 3029 675 3109 μὲν
698 3030 754 3092 ίσον
769 3028 814 3090 καὶ
831 3029 862 3092 τδ
876 3029 976 3108 ὅμοιον,
993 3029 1132 3095 παιδιῶδες
1149 3051 1203 3090 κα-

206 3127 311 3208 θαπερεί
326 3127 444 3206 ποίημα·
462 3127 501 3188 διδ
516 3127 561 3187 καί
574 3119 653 3200 ἧττον
670 3127 796 3210 ἁρμόττει
811 3132 845 3209 τῇ
863 3127 974 3207 σπουδῇ.
998 3124 1130 3186 Φαίνεται
1150 3127 1201 3209 γθιρ

205 3223 320 3305 ἀπρεπὲς
343 3224 524 3294 σπουδάζοντα
545 3234 599 3293 τοῖς
616 3226 765 3308 πράγμασι,
782 3234 837 3294 τοῖς
850 3223 962 3305 ὀνόμασι
976 3223 1077 3292 παίζειν
1090 3269 1098 3298 ,
1113 3223 1158 3283 καί
1171 3224 1202 3284 τὸ

204 3319 337 3402 πύθοςπῆ
359 3319 427 3390 λέξει
447 3331 600 3405 περιαιρεῖν.
617 3320 725 3383 Ἐκλύει
741 3321 792 3404 γδιρ
815 3320 860 3380 τδν
884 3319 1026 3403 ἀκροατήν.
1053 3320 1152 3392 ldem,
1171 3321 1201 3378 in

206 3419 292 3477 isocr.
317 3419 376 3478 111:
388 3416 500 3488 καθόλου
515 3417 543 3477 δὲ
559 3422 646 3502 τριῶν·
658 3417 759 3493 ὄντων,
773 3417 809 3485 ῶς
829 3441 895 3501 φησι
909 3415 1094 3500 Θεόφραστος,
1118 3415 1144 3486 ἐξ
1165 3405 1201 3475 ὧν

204 3513 304 3592 γίνεται
316 3514 348 3575 τὸ
359 3513 429 3594 μέγα
446 3515 492 3575 καί
512 3515 607 3594 σεμνδν
634 3516 679 3576 καί
698 3515 819 3598 περιττθν
840 3517 867 3574 ἐν
880 3513 963 3588 λέξει,
986 3517 1035 3585 τῆς
1047 3537 1077 3572 τε
1089 3515 1202 3591 ἐκλογῆς

205 3613 257 3669 τῶν
266 3610 414 3690 ὀνομάτων,
424 3612 469 3672 καί
481 3617 528 3685 τῆς
539 3615 570 3672 ἐκ
577 3611 676 3674 τούτων
690 3613 826 3697 ἁρμονίας,
836 3611 881 3672 καί
891 3614 943 3670 τῶν
950 3608 1201 3693 περιλαμύανύντων

205 3699 272 3766 αιἰτθ
284 3707 442 3786 σχημάτων,
454 3711 513 3769 κτλ.

243 3806 425 3877 Demetrius,
447 3807 491 3864 De
519 3807 709 3880 Είοοιιείοιισ,
724 3789 781 3866 ¹ed.
809 3805 977 3876 Schneider,
1004 3805 1087 3862 XLI:
1112 3799 1201 3883 διόπερ

204 3897 373 3982 Θεόφραστος
383 3900 552 3982 παράδειγμα
562 3898 707 3961 ἐκτίθειται
720 3899 945 3982 μεγαλοπρεπείας
964 3898 995 3958 τδ
1012 3902 1129 3958 τοιοῦτον
1144 3901 1201 3956 κῶ-

203 3996 263 4053 λον·
278 3998 349 4055 «τῶν
364 3994 412 4074 μὲν
422 3996 524 4078 περίτθι
537 3996 648 4076 μηδενδς
663 3995 722 4066 ἄξια
734 3996 975 4080 φιλοσοφούντων.ν
993 3996 1083 4066 Idem,
1095 3995 1201 4053 CXIV:

202 4091 317 4172 ὁρίζεται
329 4091 358 4153 δὲ
369 4093 400 4152 τθ
411 4094 512 4176 ψυχρδν
527 4094 697 4178 Θεόφραστος
707 4094 791 4154 οὕτω·
803 4093 904 4177 ψυχρόν
918 4097 975 4154 ἐστι
987 4092 1017 4151 τδ
1035 4089 1201 4173 ύπερύύλλον

204 4187 252 4261 τῆν
261 4190 359 4250 οἰκείαν
372 4192 545 4272 ἀπαγγελίαν,
560 4183 628 4253 οἷον·
643 4222 655 4248 ι
671 4193 857 4260 ἀπυνδιίκωτος
869 4194 898 4252 ού
910 4193 1083 4273 τραποζοῶται
1093 4187 1169 4258 κύλιξ
1176 4219 1197 4263 ιι,
