3198 5288
372 576 439 632 xlv

374 707 1366 814 tes(l1i),Demades(42),Pytheas(43),}{egem0n(44),
1445 695 1451 737 ,
1495 681 1500 694 ·

415 1003 475 1083 (4¹)
497 1003 541 1060 De
551 997 714 1057 Philocrate
725 992 835 1072 legendi
860 994 941 1052 Dem.
959 994 1001 1050 De
1015 993 1077 1050 fals.
1105 994 1159 1072 leg.
1184 995 1307 1074 passim;
1326 997 1369 1054 De
1491 977 1504 1042 .'

376 1102 507 1162 Haloncs.
536 1097 553 1172 §
577 1095 614 1151 23
639 1112 720 1170 sqq.;
742 1089 888 1151 AEschines
903 1090 934 1146 in
949 1089 1074 1167 Ctesiph.
1099 1092 1116 1168 §
1142 1091 1188 1158 54.
1214 1091 1369 1150 Marcellin.

376 1196 471 1255 Schol.
494 1193 524 1250 in
552 1191 724 1266 Hermogen.
748 1188 791 1244 De
805 1184 933 1244 Statibus
946 1208 953 1243 :
964 1184 1134 1266 Φιλοκράτης
1148 1185 1313 1266 ἐκμισθώσας
1323 1186 1371 1253 τὰς

378 1289 517 1354 Ὀλυνθίοις
532 1293 658 1365 γυναῖκας
670 1282 716 1342 κοιλ
727 1281 883 1360 ἀναγκάζων
901 1280 987 1363 φέρειν
1011 1284 1098 1363 ἐαυτῷ
1112 1281 1156 1342 τδν
1170 1282 1273 1361 μισθὸν,
1289 1286 1372 1362 δημο-

378 1389 441 1449 σίων
456 1382 628 1462 ἀδικημάτων
639 1379 736 1463 ιρειίγει.
751 1381 804 1440 Rh.
819 1400 860 1458 gr.
877 1382 966 1438 Walz.
982 1381 1008 1439 Τ
1009 1401 1067 1440 om.
1077 1383 1127 1452 lv,
1142 1400 1170 1459 p.
1188 1384 1251 1452 164.

420 1484 484 1564 (la)
506 1483 563 1554 Qui
581 1479 758 1539 contendunt
783 1477 922 1555 quosdam
943 1479 1106 1555 eloquentia
1119 1480 1253 1552 valuisse,
1265 1479 1374 1556 absque

378 1585 446 1643 artis
458 1579 596 1650 subsidio,
609 1578 643 1636 ad
659 1576 745 1652 hujus
758 1575 801 1632 rei
811 1576 1057 1633 confirmationem
1071 1575 1194 1632 afferunt
1208 1576 1373 1634 Demadem.

378 1684 456 1741 Sext.
482 1678 591 1755 Empir.
614 1674 678 1733 adv.
707 1673 841 1732 Mathem.
869 1674 915 1746 tl,
939 1693 968 1750 p.
992 1694 1067 1749 291,
1095 1673 1139 1732 ed.
1165 1672 1247 1732 Fabr.
1273 1696 1279 1730 :
1302 1671 1376 1754 εἴπερ

379 1803 408 1838 τι
441 1775 576 1856 ἐνδέχεται
605 1771 726 1852 γενέσθαι
758 1770 857 1851 ῥήτορα
888 1770 925 1848 μὴ
959 1769 1131 1850 μετασχόντα
1162 1775 1209 1843 τῆς
1236 1775 1375 1852 ῥητορικῆς

381 1874 494 1955 τέχνης,
519 1873 567 1934 οὐκ
581 1868 613 1928 δν
631 1868 672 1940 είη
699 1891 739 1935 τις
754 1866 836 1947 τέχνη
865 1866 997 1948 ῥητορική.
1012 1865 1168 1948 Ἐνδέχεται
1192 1869 1219 1926 δέ
1237 1891 1267 1946 γε
1281 1871 1378 1935 ἱκανῶς

381 1973 426 2032 καὶ
456 1967 526 2028 κατδ
563 1965 661 2047 τρόπον
697 1963 854 2048 ῥητορεύειν,
879 1962 917 2042 μή
937 1963 1105 2044 μετασχόντα
1137 1963 1312 2046 Ῥητορικῆς,
1343 1969 1379 2032 ὡς

382 2068 428 2128 καλ
454 2066 515 2148 περὶ
538 2063 666 2141 Δημάδου
698 2060 914 2142 παρειλήφαμεν·
937 2061 1098 2133 κωπηλάτης
1121 2061 1173 2142 γὰρ
1203 2060 1254 2134 ὢν,
1279 2064 1378 2140 ὁμολο-

381 2174 467 2244 γεῖται
485 2163 590 2246 ἄριστος
611 2157 744 2239 γεγονέναι
772 2157 875 2240 ῥήτωρ,
902 2158 949 2218 καί
981 2157 1028 2216 σὺν
1040 2159 1124 2240 τούτῳ
1154 2159 1229 2217 ἄλλοι
1254 2158 1380 2236 παμπλή-

383 2267 442 2327 θεις.
457 2261 535 2320 Idem
556 2257 641 2316 tradit
660 2257 773 2333 Syrien.
799 2256 894 2314 Schol.
916 2257 946 2313 in
968 2258 1142 2332 Hermogen.
1164 2258 1207 2315 tre
1232 2258 1379 2317 Statibus:

383 2349 436 2418 οἶον
462 2357 590 2434 Δημάδου
611 2359 658 2413 τοῦ
684 2351 739 2411 άπδ
758 2356 805 2422 τῆς
822 2351 914 2424 κώπης
941 2351 1072 2426 ἀνίπτοις,
1085 2351 1172 2412 τὸτοῦ
1185 2353 1278 2431 λόγου,
1290 2355 1380 2435 χερσὶν

386 2455 471 2514 ἐπλτδ
489 2457 565 2534 βῆμα
576 2450 761 2523 πηδήσαντος,
781 2448 827 2508 κοιλ
846 2448 997 2527 Ἡγήμονος
1016 2449 1062 2509 καί
1079 2449 1182 2510 Πυθέου
1202 2451 1247 2510 καλ
1260 2451 1382 2534 Ἀριστο-

385 2551 507 2630 γείτονος.
528 2550 600 2620 Οιιοε
617 2547 765 2625 paululum
788 2547 978 2604 immutantur
999 2547 1029 2603 in
1051 2545 1121 2604 Cod.
1141 2549 1210 2605 Ven.
1226 2538 1296 2614 εοῖος
1312 2539 1378 2621 ,ήνθ

386 2672 415 2708 τε
435 2646 489 2706 άπδ
503 2649 549 2716 τῆς
573 2643 665 2715 κώπης
685 2641 805 2711 ἀνίπτοις
816 2642 891 2721 ποσὶ,
900 2641 969 2701 κστδι
980 2642 1029 2715 τήν
1041 2645 1196 2726 παροιμίαν,
1211 2645 1255 2704 ἐπὶ
1266 2645 1296 2704 τδ
1309 2651 1384 2727 βῆμα

386 2743 508 2816 πηδήσας
518 2739 664 2819 Δημάδης,
675 2739 805 2818 Ἡγήμων
817 2763 846 2797 τε
868 2739 913 2798 καὶ
928 2738 1032 2806 Πυθέας
1046 2739 1091 2800 καί
1105 2742 1309 2823 Ἀριστογείτων.
1329 2745 1384 2803 llh.

389 2863 432 2920 gr.
460 2841 550 2899 Walz.
575 2840 610 2897 T.
640 2840 697 2911 IV,
714 2857 744 2916 p.
762 2839 858 2913 394⁰·
881 2838 932 2896 His
965 2837 1153 2916 opponendus
1185 2841 1319 2909 Quinctil.
1349 2842 1384 2909 11,

393 2961 445 3012 17:
459 2939 658 3013 «Quamquam
722 2934 880 2994 Demadem
893 2953 986 3012 neque
998 2954 1058 2991 non
1070 2933 1203 2992 didicisse
1215 2949 1326 2994 certum
1339 2937 1385 3007 sit,

388 3048 416 3094 et
425 3036 560 3094 continua
571 3032 684 3091 dicendi
696 3033 864 3090 exercitatio
873 3032 1001 3108 potuerit
1009 3043 1129 3104 tantum,
1136 3047 1385 3111 quantuscumque

388 3145 489 3212 postea
504 3130 568 3203 tuit,
584 3129 682 3187 iecisse
697 3123 787 3187 :nam
800 3129 830 3187 id
843 3129 1074 3206 potentissimum
1090 3128 1215 3188 discendi
1228 3151 1316 3210 genus
1330 3143 1388 3202 est3

390 3228 441 3287 sed
460 3241 488 3286 et
504 3226 750 3306 praestantiorem,
771 3227 795 3283 si
817 3225 974 3297 didicisset,
990 3226 1118 3284 loturum
1134 3227 1219 3284 luisse
1241 3226 1334 3285 dicere
1351 3227 1387 3285 li-

391 3337 452 3395 cet3
467 3323 648 3402 nequeenim
660 3323 804 3380 orationes
817 3322 944 3381 scribere
959 3334 1002 3380 est
1015 3342 1116 3396 ausus,
1132 3335 1165 3381 ut
1182 3343 1248 3381 eum
1265 3309 1388 3381 multum

392 3423 512 3480 valuisse
522 3421 553 3478 in
569 3419 691 3478 dicendo
703 3421 833 3478 sciamus.
841 3446 853 3470 ο

433 3518 606 3578 Facultatem
623 3535 641 3574 e
660 3528 790 3594 tempore
803 3515 917 3574 dicendi
932 3535 949 3572 a
967 3527 1070 3572 natura
1085 3517 1204 3574 sortitus
1225 3530 1295 3575 erat.
1320 3519 1389 3576 Plu-

395 3615 484 3674 taroh.
497 3615 529 3672 in
541 3617 622 3674 Dem.
650 3615 692 3672 X:
710 3612 781 3685 πλὴν
801 3611 846 3672 τόν
863 3634 895 3691 γε
920 3611 1050 3689 Δημάδην
1070 3611 1167 3679 πάντες
1186 3613 1337 3693 ὡμολόγουν
1357 3619 1391 3698 τῇ

395 3711 471 3793 φάσει
480 3710 618 3792 χρώμενον
630 3710 753 3782 ἀνίκητον
767 3699 848 3783 εἶναι,
863 3709 909 3769 καὶ
922 3707 1084 3792 παραφέρειν
1097 3712 1335 3791 αὐτοσχεδιάζοντα
1345 3711 1391 3777 edic

394 3815 439 3869 τοῦ
465 3808 648 3886 Δημοσθένους
671 3807 776 3890 σκέψεις
798 3807 844 3866 καὶ
859 3807 1040 3886 παρασκευάς.
1060 3807 1193 3867 Nobilem
1222 3809 1392 3888 dedignatus

397 3909 602 3985 eloquentiam,
614 3921 703 3965 artem
716 3906 851 3964 adulandi
866 3906 1023 3985 praesertim
1038 3907 1174 3966 exercuit.
1198 3908 1240 3968 cf.
1262 3911 1393 3985 dnonym

398 4009 523 4085 Epitom.
534 4007 619 4067 aher.
630 4006 661 4062 in
673 4005 726 4066 ah.
736 4023 779 4082 gr.
792 4006 881 4063 Walz.
891 4006 926 4064 T.
938 4005 988 4079 ΙΙΙ,
999 4024 1029 4082 p.
1042 4007 1116 4077 6103
1127 4007 1269 4084 Doxopat.
1281 4007 1393 4082 Proleg.

400 4103 484 4161 Rhet.
506 4100 546 4160 ib.
566 4103 600 4159 T.
620 4101 668 4172 vl,
683 4119 712 4177 ρ.
728 4100 785 4168 τᾶς
810 4103 886 4159 Max.
907 4098 1026 4158 Planud.
1038 4102 1151 4177 Proleg.
1166 4102 1249 4160 Rhet.
1269 4101 1341 4160 ibid.
1362 4104 1394 4173 V,

400 4220 427 4279 p.
452 4210 517 4266 ²¹4·
541 4181 693 4255 Demadem
708 4208 812 4272 praeter
835 4209 951 4255 caeteros
978 4197 1099 4256 facetum
1117 4197 1225 4276 judicat
1242 4199 1299 4256 Cic.
1317 4199 1394 4257 Orat.
