3174 5284
438 529 504 620 154
749 531 1117 602 ANNOTATIONES.

471 699 505 756 V.
525 697 588 756 3-6.
603 696 666 775 Οίιχ
686 693 737 755 ὑπὸ
751 697 803 758 τίίιν
821 696 951 776 σοφιστῶν
967 693 1057 754 -ιιαί
1072 692 1141 754 κατὰ
1156 695 1267 773 δύναμιν
1280 696 1377 768 ἄλλην.
1390 741 1418 756 ..

353 871 356 879 ¹
432 794 598 856 Audiendus
621 794 751 869 aristot,
769 792 902 865 abeat,
918 801 932 860 θ
948 815 955 850 :
974 791 1045 852 Καθ’
1058 791 1168 852 ἕκαστον
1183 791 1231 871 μίν
1245 786 1290 852 οὗν
1311 795 1425 876 ἀκριὸιῖις

431 889 670 974 διαριθμήσασθαι,
686 889 731 949 καί
751 887 887 948 διαλαθεῖν
903 890 940 955 είς
957 888 1014 961 εἴδη
1034 889 1094 972 περὶ
1109 879 1145 949 dv
1164 889 1272 950 είιίιθασι
1289 893 1423 972 χρηματί-

432 993 499 1058 ζειν·
515 988 553 1048 irs
568 987 603 1059 δ’,
617 985 678 1048 door
689 985 823 1066 ἐνδέχεται
834 985 895 1068 περί
910 988 995 1045 αὐτῶν
1010 985 1123 1067 διορίσαι
1137 985 1207 1046 κατὰ
1221 987 1270 1060 τλν
1286 989 1424 1061 ἀλήθειαν,

432 1089 461 1146 οὗ
474 1087 513 1146 δεῖ
528 1083 596 1146 κατὰ
609 1084 653 1144 τὸν
674 1082 794 1166 παρόντα
811 1084 902 1166 καιρὸν
915 1086 1018 1156 ζητεῖν,
1031 1081 1075 1143 ut
1089 1083 1120 1143 τὸ
1134 1084 1202 1163 μήτε
1217 1090 1265 1157 τῆς
1286 1090 1423 1168 ῥητορικῆς

432 1174 500 1242 εἶναι
513 1180 622 1262 τέχνης,
637 1180 696 1240 ἀλλ’
711 1178 918 1261 ἐμρρονεστέρας
941 1180 988 1240 καί
1005 1182 1106 1259 μᾶλλον
1124 1183 1263 1253 ἀληθινῆς·
1277 1185 1369 1264 πολλῷ
1398 1184 1423 1241 δὲ

432 1279 518 1340 πλείω
538 1277 659 1338 δεδόσθαι
680 1277 726 1338 καί
745 1283 790 1337 νῦν
816 1279 881 1355 αὐτῇ
906 1280 959 1337 τῶν
981 1278 1084 1337 οἰκείων
1098 1279 1285 1361 θεωρημάτων.
1304 1281 1363 1340 Cic.
1382 1283 1424 1339 De

432 1380 512 1438 Orat.
532 1377 559 1449 t,
582 1378 675 1451 18-19
689 1397 695 1433 :
711 1402 722 1426 ι
739 1373 912 1434 Charmadas
933 1393 1001 1432 vero
1023 1375 1112 1434 mutto
1132 1374 1250 1434 uberius
1272 1375 1372 1434 iisdem
1389 1377 1426 1434 de

432 1474 518 1532 rebus
532 1472 746 1550 loquebatur...
762 1491 851 1548 quum
862 1473 985 1531 maxime
1000 1483 1093 1528 tamen
1108 1471 1164 1530 hoc
1174 1472 1353 1548 significabat
1365 1493 1425 1543 eos,

432 1572 481 1650 qui
495 1571 624 1630 rhetores
635 1569 861 1634 nominarentur,
875 1581 903 1626 et
917 1569 967 1645 qui
983 1567 1096 1626 dicendi
1112 1581 1255 1647 praecepta
1270 1571 1425 1642 traderent,

432 1668 504 1727 nihil
517 1669 603 1746 plane
618 1681 725 1738 tenere,
744 1685 838 1742 neque
853 1685 937 1742 posse
949 1683 1121 1742 quemquam
1134 1665 1298 1724 facultatem
1312 1669 1425 1744 assequi

432 1749 559 1838 dicendi,
572 1765 626 1822 nisi
645 1764 697 1841 qui
712 1763 953 1840 philosophorum
964 1763 1081 1823 inventa
1101 1761 1255 1822 didicisset.
1271 1793 1305 1804 -
1318 1764 1425 1822 littera

433 1867 461 1923 in
476 1884 579 1922 eorum
592 1861 674 1921 libris
686 1863 764 1920 nulia
777 1861 982 1919 inveniretur„

470 1963 504 2020 V.
521 1981 605 2036 9-10.
614 1961 677 2026 Τοῖς
684 1959 827 2022 πολιτικοῖς
840 1959 892 2016 τῶν
905 1955 1031 2038 ῥητόρων,
1040 2001 1064 2015 ..
1080 1958 1307 2018 ErnestiLexic.
1321 1959 1418 2017 'i'ech-

432 2059 489 2118 nol.
505 2077 546 2134 gr.
565 2056 617 2116 tth.
631 2077 660 2134 p.
679 2057 822 2128 278-281,
833 2055 919 2113 docet
930 2075 1044 2112 onmem
1061 2056 1229 2114 varietatem
1241 2057 1425 2134 significatio

432 2176 501 2216 num
508 2153 652 2234 quasvoci
665 2151 799 2220 πολιτικός
807 2151 960 2210 attributas
976 2153 1145 2230 reperimus.
1160 2154 1257 2212 Pauca
1265 2152 1425 2230 subjiciam,

433 2273 498 2332 quae
519 2251 638 2322 omisit,
660 2250 714 2310 etsi
731 2269 791 2308 nun
815 2269 917 2326 parum
934 2248 1028 2308 faeere
1042 2249 1176 2308 videntur
1189 2263 1222 2308 ut
1245 2251 1426 2310 manifestum

437 2352 497 2428 iiat,
518 2346 666 2427 quomodo
689 2351 772 2402 civilis
791 2353 877 2404 oratio
903 2365 1113 2424 nonnunquam
1139 2346 1334 2406 laudationem
1352 2349 1424 2406 vitu·

435 2449 673 2528 perationemque
688 2456 795 2522 tangat.
811 2445 914 2504 toann.
925 2444 1056 2503 -Siceliot
1071 2443 1167 2504 Schol.
1184 2444 1214 2504 in
1230 2447 1365 2524 Hermog.
1382 2449 1425 2506 De

434 2544 555 2615 Formis,
572 2544 581 2602 Ι
597 2537 696 2600 :ttae
713 2545 775 2617 γοῦν
789 2541 804 2598 ὃ
818 2537 894 2618 λόγος
915 2537 1050 2605 πολιτικδς
1074 2537 1273 2620 πανηγυρικός·
1295 2542 1430 2609 πολιτικὸς

436 2636 495 2717 μὲν,
517 2635 557 2696 ὅτι
578 2635 777 2716 ἀμρισόήτησιν
796 2629 870 2714 ἔχει·
886 2633 1064 2716 πανηγυρικὸς
1082 2633 1128 2708 δὲ,
1147 2632 1188 2694 ότι
1206 2637 1240 2694 δι’
1255 2635 1369 2698 ἐπαίνων
1381 2641 1425 2700 καί

372 2781 376 2792 ,
435 2733 523 2816 ψόγων
538 2729 608 2791 ἐστίν
629 2736 647 2803 ἡ
667 2725 717 2803 όλη
732 2731 812 2789 αὐτοῦ
825 2728 946 2811 διαρτία·
960 2727 1063 2809 ἀνάγκη
1075 2728 1127 2811 γὰρ
1140 2731 1262 2813 ἑκάτερον
1273 2735 1326 2791 τῶν
1340 2737 1428 2816 μερῶν

435 2830 545 2913 ἰξαίρειν
554 2827 603 2908 μὲν
617 2827 647 2887 sd
657 2829 762 2905 οἰκεῖον,
777 2832 866 2906 μειοῦν
881 2823 955 2885 δὲτὸ
971 2825 1094 2886 ἐναντίον.
1108 2828 1161 2888 Rh.
1175 2848 1219 2905 gr.
1234 2829 1333 2901 Wala,
1352 2844 1371 2890 t.
1380 2833 1429 2905 Vi,

436 2949 466 3007 ρ.
488 2929 554 2998 483.
576 2925 656 2986 ldem
674 2923 745 3003 quid
769 2924 806 2981 sit
828 2921 962 2989 πολιτικὸς
979 2922 1072 3002 λόγος,
1088 2923 1252 3004 quibusque
1264 2929 1430 3012 conveniat,

437 3024 565 3104 pressius
580 3021 688 3093 definit,
699 3023 718 3080 ί.
731 3021 761 3093 1.,
779 3042 806 3100 ρ.
825 3023 970 3092 add-472.

478 3125 510 3184 V.
531 3142 635 3180 10-11.
652 3117 885 3200 Παρασπείρεται.
897 3164 905 3178 .
917 3161 924 3176 .
938 3117 1150 3178 Laudationum
1159 3119 1187 3176 in
1196 3121 1309 3179 civilem
1320 3125 1430 3182 oratio-

439 3239 505 3278 nem
531 3219 704 3276 insertarum
730 3233 819 3273 trntrm
839 3215 1002 3292 exemplum
1028 3217 1136 3274 referre
1164 3218 1232 3275 satis
1252 3219 1321 3291 erit,
1349 3223 1429 3298 quod

438 3315 548 3394 praebet
565 3314 784 3386 Demosthenes,
799 3313 901 3390 agendi
923 3313 1064 3371 rationem
1079 3313 1230 3392 aequalium
1245 3336 1363 3375 suorum
1382 3339 1431 3376 re-

437 3413 493 3472 bus
522 3413 608 3490 gestis
636 3432 653 3470 a
688 3408 860 3488 majoribus,
890 3411 1120 3488 recentioresque
1146 3425 1274 3472 ortatores
1307 3415 1434 3494 antiquis

438 3530 623 3590 comparatam
636 3529 721 3587 quem
737 3510 831 3567 iocum
845 3509 915 3566 citat
930 3509 1048 3586 Dionys.
1064 3509 1168 3581 Helio,
1188 3511 1232 3569 De
1254 3512 1432 3576 Admiranda

438 3609 469 3668 vi
482 3607 596 3666 dicendi
609 3608 638 3664 in
660 3609 742 3666 Dem.
753 3607 819 3666 ΧΧΙ
832 3628 839 3663 :
857 3604 911 3664 Καί
925 3627 966 3664 τοι
979 3605 1125 3688 σκέψασθε,
1149 3596 1273 3690 ὦᾶνδρες
1290 3608 1434 3686 Ἀθηναῖοι,

438 3704 455 3764 d
467 3729 506 3773 τις
520 3702 551 3764 ἂν
572 3703 703 3784 κεραίλαια
721 3703 803 3760 εἰπεῖν
817 3700 889 3780 ἔχοι,
902 3704 954 3760 τῶν
968 3723 996 3760 τε
1016 3701 1059 3761 ἐπί
1073 3705 1125 3762 τῶν
1139 3702 1274 3784 προγόνων
1286 3705 1370 3790 ἔργων
1385 3710 1432 3769 καὶ

437 3804 491 3861 τῶν
515 3801 555 3883 ἐρ’
580 3801 654 3878 ὑμῶν
681 3798 820 3878 (Dionys.
841 3797 880 3880 ἐρ’
901 3801 993 3876 ἡμῶν,
1011 3819 1075 3876 quae
1096 3801 1232 3864 confusio,
1250 3813 1293 3859 est
1323 3802 1434 3882 ubique

438 3897 547 3978 obvia).
564 3895 664 3956 Ἔσται
678 3893 706 3954 δὲ
721 3892 821 3976 βραχὺς
833 3894 879 3953 καί
893 3894 1023 3976 γνώριμος
1037 3897 1099 3973 ὑμῖν
1112 3899 1127 3955 δ
1144 3893 1234 3974 λόγος·
1249 3899 1278 3955 οὐ
1290 3895 1339 3979 γὰρ
1354 3901 1436 3960 ἀλλο-

438 3994 519 4075 τρίοις
543 3995 606 4070 ὑμῖν
630 3988 778 4072 χρωμένοις
797 3991 1011 4072 παραδείγμασιν
1044 3991 1177 4068 (Dionys.
1201 3994 1348 4072 χρωμένοις
1370 3999 1434 4074 ὑμῖν

439 4089 675 4172 παραδείγμασιν),
691 4089 749 4146 ἀλλ’
762 4088 875 4160 οἰκείοις,
889 4078 911 4147 ὦ
925 4087 1014 4169 ἄνδρες
1029 4087 1169 4162 Ἀθηναῖοι,
1184 4087 1335 4167 εὐδαίμοσιν
1349 4091 1435 4161 ἔξεστι
