3174 5284
462 553 514 628 ιν
537 559 860 628 PHILODEMUM.
1097 556 1163 652 139

172 724 305 802 apprime
321 723 391 782 facit
402 723 463 784 cte.
477 723 754 787 otatx1v2ffloee
768 726 858 805 igitur
875 733 991 803 quoestio
1005 745 1022 784 ο
1036 723 1164 805 propriis

172 830 305 908 personis
324 841 354 887 et
377 829 577 908 temporibus,
604 833 647 888 ad
663 835 783 888 ιιιιίνενσι·
798 837 907 909 genen's
927 837 1078 888 orationem
1102 843 1163 888 tra-

171 929 265 996 ducta,
282 925 448 1004 appellatur
464 927 563 985 Ἠισσίσ.
584 929 620 987 ln
632 927 688 986 hac
699 927 870 987 Aristoteles
882 925 1091 1004 adolescentes,
1104 945 1164 983 non

172 1021 211 1080 ad
224 1022 468 1100 philosophorum
480 1041 591 1082 morem
607 1024 737 1083 tenuiter
750 1023 926 1096 disserendi,
940 1023 990 1082 sed
1001 1021 1039 1081 ad
1051 1023 1166 1101 copiam

172 1117 343 1193 rhetorum,
360 1119 392 1177 in
408 1131 561 1198 utramque
572 1133 702 1199 ρονῐςνιν,
722 1133 756 1179 ut
769 1123 900 1179 ornatius
921 1133 954 1179 'et
967 1119 1084 1180 uberius
1106 1118 1165 1177 dici

172 1229 283 1294 posset,
295 1219 444 1291 exercuit;
464 1219 599 1298 idemque
612 1225 690 1291 locos,
705 1220 747 1278 sic
761 1221 839 1278 enim
854 1219 997 1300 appellat,
1016 1216 1100 1297 quasi
1113 1237 1165 1274 ον-

172 1325 378 1390 gumentorum
391 1328 487 1389 notas,
501 1317 721 1385 tradidit,·unde
736 1317 830 1376 omnis
839 1317 871 1376 in
882 1329 1035 1395 utramque
1047 1326 1162 1394 partem

173 1411 336 1472 traheretur
346 1414 448 1474 oratio.
463 1439 476 1467 ν

212 1510 246 1568 V.
255 1511 362 1579 23-24.
374 1508 487 1583 Ἡδονῆς
500 1509 549 1589 μὲν
559 1510 650 1591 γέμει.
663 1554 684 1570 ..
696 1511 808 1571 Simitia
820 1510 910 1570 habet
922 1511 1027 1570 Joann.
1037 1509 1165 1572 Siceliot.

172 1602 270 1664 Schol.
286 1605 317 1664 in
334 1608 470 1686 Hermog.
495 1609 540 1667 De
556 1607 695 1686 ¹Formis,
719 1610 747 1669 l:
770 1607 903 1668 Ἐνταῦθα
924 1604 976 1688 γὰρ
997 1611 1014 1678 ἡ
1036 1604 1167 1687 ἀφήγησις

172 1698 242 1759 κατθι
256 1699 328 1771 τάξιν
343 1705 397 1764 τῶν
410 1703 575 1785 πραγμάτων
589 1701 712 1788 φυσικὴν,
732 1704 777 1764 καλ
791 1703 862 1784 ὅμως
874 1701 923 1777 τλν
936 1701 1044 1782 μέθοδον
1066 1699 1166 1781 ἔχουσα

172 1798 316 1881 εὖκρινείας
333 1802 441 1861 πολλῶν
461 1799 539 1881 γέμει
552 1804 606 1862 τῶν
629 1801 789 1862 καλλίστων.
812 1803 867 1863 Rh.
884 1819 927 1880 gt.
942 1800 1056 1872 Walz„
1078 1811 1099 1858 t.
1110 1799 1162 1870 vl,

172 1916 201 1974 p.
229 1897 294 1956 188.
323 1899 366 1958 cf.
389 1900 504 1959 Platon.
525 1900 638 1960 Phaedt.
651 1901 740 1958 Bekls
762 1900 809 1958 ed.
829 1900 924 1959 Lond.
946 1898 1112 1972 1826,t.1‚
1133 1915 1164 1974 p.

175 1995 252 2072 189:
275 1995 380 2054 Οὐκοῦν
394 1999 408 2055 ὃ
422 1994 518 2076 τέχνην
535 1995 651 2075 οἰόμενος
665 1999 692 2056 ἐν
711 1996 853 2080 γράμμασι
869 1996 1025 2057 καταλιπεῖν
1040 1993 1087 2053 κοιλ
1103 1983 1166 2052 αῧθ

173 2089 405 2171 παραδεχόμενος,
421 2088 457 2158 ὥς
470 2115 497 2150 τι
511 2090 592 2174 σαφές
609 2092 655 2153 καὶ
671 2091 777 2174 βέὸαιον
797 2095 828 2152 ἔνι
845 2090 1013 2176 γραμμάτων
1031 2089 1165 2168 ἐσόμενον,

171 2188 272 2259 πολλῆς
283 2185 314 2247 ἂν
325 2185 443 2261 εὐηθείας
452 2187 540 2267 γε’μοι.

210 2285 245 2343 V.
268 2285 374 2358 26-27.
402 2284 443 2345 Τὸ
464 2283 692 2353 δὲ-αὗτοῖς...
719 2287 753 2346 ln
781 2287 834 2347 Ms.
862 2285 925 2345 haec
948 2287 988 2344 sic
1010 2285 1163 2362 leguntur:

172 2383 1070 2466 ΤΟΔΕΤΟΕΟΠΟΚΑΙΝΤΝΕΙΡΕΙΝ...Το.
1102 2398 1161 2462 Ubi

172 2524 226 2586 pro
246 2527 331 2565 ...το
343 2508 428 2586 posui
443 2509 546 2580 αθτοῐς,
560 2519 593 2566 ut
606 2507 664 2567 sibi
681 2519 792 2567 constet
810 2508 961 2568 sententia.

543 2770 779 2800 σε*

476 3033 704 3105 COLUMNA
731 3034 855 3102 XXVI.

211 3295 243 3352 V.
260 3311 325 3352 τ-ο.
348 3292 451 3372 Τέχνη,
474 3293 543 3352 νιατθι
575 3291 706 3371 μάθησιν.
719 3333 747 3350 ..
765 3297 866 3351 Artem
879 3294 970 3352 anteit
989 3293 1163 3372 disciplina,

172 3402 243 3449 teste
258 3391 431 3462 Geometra,
454 3390 533 3468 apud
555 3391 702 3467 Doxopat.
722 3390 829 3450 Homil.
845 3389 876 3447 in
888 3390 1062 3467 Aphthon.:
1084 3389 1120 3453 ‘0
1135 3391 1164 3452 δέ

171 3484 335 3567 ΓεωμέτρηςΥ
349 3485 481 3568 διαφέρειν
507 3485 572 3569 ρησλ
593 3483 690 3566 τέχνην
714 3486 760 3545 καλ
784 3485 962 3564 ἐπιτήδευμα,
990 3491 1029 3568 τῷ
1045 3487 1091 3557 τὰς
1115 3488 1163 3567 μέν

170 3580 264 3662 τέχνας
284 3578 328 3640 διδι
349 3573 489 3659 μαθήσεως
506 3587 571 3660 ἡμῖν
594 3581 684 3660 μόνοις
704 3583 911 3665 προσγένεσθαι,-
929 3581 963 3642 τδι
977 3581 1005 3642 δὲ
1023 3585 1165 3658 ἐπιτηδεύ-

171 3702 243 3756 ματα
256 3677 303 3739 καὶ
324 3677 377 3738 ἀπὸ
389 3680 442 3737 τῶν
462 3679 627 3760 πραγμάτων
650 3681 736 3739 αὐτῶν
754 3683 789 3751 εἰς
801 3679 981 3762 μεταχείρισιν
1001 3679 1085 3754 ἥκειν.
1108 3683 1163 3742 Rh.

171 3777 323 3858 gr.Walz.,
331 3789 358 3834 t
368 3776 409 3849 11,
421 3797 450 3853 p.
459 3779 525 3846 430.
541 3779 619 3849 Quid
634 3780 672 3837 sit
683 3777 765 3858 τέχνη
780 3791 811 3837 et
822 3777 986 3857 ἐπιτήδευμα
998 3779 1083 3838 docet
1093 3780 1165 3838 Am—

170 3891 247 3932 mon.
259 3873 304 3932 De
321 3869 411 3932 Simil.
430 3884 460 3929 et
477 3872 623 3932 different.
645 3875 764 3934 vocab.:
777 3873 869 3955 Τέχνη
884 3871 1091 3952 ἐπιτηδεύματος
1107 3873 1165 3932 θια-

171 3967 250 4052 ρέρει.
262 3966 355 4049 Τέχνη
375 3966 424 4047 μὲν
442 3968 493 4048 γάρ
508 3970 608 4044 ἐστινὴ
628 3969 689 4028 ἄνευ
705 3970 784 4049 λόγου
804 3970 841 4050 μὴ
858 3969 991 4048 δυναμένη
1008 3960 1090 4043 εἶναι,
1110 3959 1163 4030 οἷον

170 4062 356 4145 γραμματικὴ,
383 4062 517 4146 ῥητορική.
545 4063 729 4144 Ἔπιιήδευμα
749 4063 793 4139 δὲ,
816 4064 847 4124 τὸ
866 4065 944 4144 λόγου
965 4067 1094 4144 χηρεῦσν,
1111 4056 1164 4124 οἷον

171 4159 350 4242 χαλκευτικὴ,
363 4160 506 4232 τεκτονική.
531 4161 574 4222 Cf.
593 4164 736 4242 Doxopat.
749 4163 804 4237 Ι.Ι.,
816 4183 843 4241 ρ.
855 4184 927 4239 ¹⁰93
943 4161 1162 4224 Tmihlthetor.
