3194 5286
397 552 449 606 CX

394 701 520 795 judicii
556 697 639 766 viris
676 694 996 792 despicatissimas‚
1032 697 1068 764 in
1107 698 1233 793 primis
1264 713 1394 770 autem

396 813 581 911 Epicureis
595 813 671 907 qui,
693 835 787 880 sanae
803 811 977 882 orationis
991 826 1292 884 ornamentorum
1307 840 1398 886 con·

397 944 613 1027 temptores,
647 927 829 1024 pigmenta
860 925 1145 1024 quisquiliasque
1171 930 1392 1002 Asianorum

398 1069 472 1114 non
496 1055 664 1139 poterant
682 1065 757 1120 non
780 1041 973 1137 aspernari.
1000 1107 1003 1114 .

445 1157 487 1228 Id
506 1179 656 1254 quoque
673 1169 802 1226 notatu
822 1155 986 1250 dignum,
1001 1158 1039 1228 in
1058 1148 1169 1228 aetatis
1182 1183 1253 1229 suae
1267 1159 1394 1258 sophi·

398 1289 470 1346 stas
492 1270 744 1344 Philodemum
774 1271 897 1340 conari
922 1285 1131 1342 convertere
1158 1273 1229 1344 tela
1254 1274 1394 1370 quihus

398 1412 572 1486 aequaevos
600 1387 700 1458 Plato
735 1383 958 1460 confoderat.
1003 1391 1046 1457 In
1085 1386 1187 1485 quod
1225 1389 1393 1484 studium

398 1507 572 1576 Nostrum
624 1498 776 1575 fortasse
828 1503 1041 1598 provocavit
1092 1527 1222 1600 parum
1281 1505 1395 1576 hone-

398 1635 453 1690 sta
485 1617 653 1690 rivalitas.
684 1617 889 1687 acerrimus
918 1618 1014 1686 enim
1054 1616 1188 1690 vindex
1230 1624 1395 1716 magistri

399 1734 479 1822 sui,
528 1737 594 1828 qui
632 1728 766 1802 famam
806 1730 966 1802 Platonis
1009 1730 1161 1828 obliquo
1207 1733 1396 1805 limaverat

400 1847 509 1923 oculo
546 1842 668 1940 (305),
706 1844 903 1939 gloriosum
943 1844 980 1915 id
1011 1844 1081 1916 sibi
1118 1845 1284 1917 futurum
1316 1851 1394 1918 esse

400 1959 568 2047 credidit,
601 1961 631 2036 si
659 1958 868 2033 ostenderet
889 1960 1034 2057 Epicuri
1056 1959 1211 2032 hortulis
1230 1985 1306 2032 non
1328 1965 1397 2030 mi·

400 2099 597 2172 nusquam
618 2073 807 2148 Academia
829 2074 1010 2172 sophistas
1037 2075 1199 2166 excludi3
1215 2100 1394 2173 suamque

401 2206 552 2277 sectam,
580 2190 648 2260 etsi
671 2189 916 2285 eloquentiam
943 2188 1226 2288 dedignabatur,
1249 2205 1394 2262 tantum
1431 2281 1436 2288 .

400 2308 518 2378 valere
539 2320 720 2402 quantum
745 2307 948 2377 Socraticos
972 2305 1017 2377 ad
1044 2307 1184 2404 spurias
1208 2307 1395 2405 malasque

402 2437 495 2494 artes
513 2419 739 2493 refellendas.
766 2424 844 2490 Hoc
867 2422 956 2491 mihi
980 2421 1124 2492 videtur
1140 2447 1184 2494 oo
1201 2427 1277 2492 veri
1294 2428 1395 2493 simi·
1482 2505 1484 2509 Α

401 2538 483 2624 lius,
504 2536 604 2633 quod
616 2534 867 2606 Philodemum
881 2533 1015 2630 legenti
1033 2537 1070 2605 in
1090 2551 1250 2607 mentem
1266 2539 1397 2636 saepius

404 2654 501 2722 vonit
511 2649 638 2721 iisdem
650 2647 725 2720 lere
744 2653 966 2746 argumentis
976 2652 1046 2740 uti,
1061 2650 1197 2748 quihus
1209 2651 1318 2722 Plato.
1334 2654 1397 2720 Di-

403 2765 509 2837 oendi
522 2780 644 2836 autem
654 2789 786 2862 genere
798 2768 930 2837 Noster
940 2789 978 2838 se
989 2769 1080 2862 gerit
1092 2765 1231 2837 Platoni
1242 2791 1396 2866 prorsus
1418 2773 1426 2782 '

405 3014 429 3071 si
447 3023 588 3090 occupata
600 3023 644 3069 est
664 3011 762 3068 malis:
784 3029 843 3068 non
864 3010 973 3069 nitetur
991 3011 1104 3088 sapiens
1125 3011 1156 3070 in
1172 3029 1397 3089 supervacuum,

404 3131 459 3168 neo
476 3129 507 3168 se
521 3109 593 3168 nihil
615 3107 785 3186 profuturus
798 3107 956 3186 impendet.
969 3133 982 3159 »
1004 3109 1116 3166 Arrian.
1141 3108 1173 3167 in
1194 3109 1318 3187 Epictet.
1337 3109 1399 3167 dis-

405 3219 503 3266 sertat.
517 3207 569 3277 lll,
584 3227 599 3278 7
611 3227 618 3261 ε
638 3208 747 3274 invasis
758 3201 948 3286 Ἐπικουρείων
959 3203 1046 3265 πόλιν·
1069 3201 1122 3284 ἐγὼ
1133 3206 1162 3264 οὔ
1173 3207 1262 3284 γαμῶ·
1273 3205 1326 3265 οὐδ’
1335 3207 1400 3285 ἐγώ·

405 3307 434 3363 οὐ
449 3301 500 3385 γὰρ
511 3301 659 3382 γαμητέον·
679 3301 737 3360 ἀλλ’
749 3300 809 3362 οὐδὲ
822 3301 1040 3374 παιδοποιητέοψ
1066 3301 1125 3362 ἀλλ’
1141 3301 1201 3364 οὐδὲ
1223 3303 1399 3364 πολιτευτέον.

405 3399 442 3462 Τί
456 3392 502 3461 οὖν
513 3399 622 3480 γίνηται
633 3425 641 3474 ;
654 3397 741 3461 Πόθεν
753 3399 778 3458 οἱ
790 3401 917 3469 πολῖται;
936 3398 986 3466 Τίς
1002 3397 1096 3466 αὐτοὺς
1105 3398 1263 3476 παιδείοει;
1276 3399 1325 3470 Τίς
1335 3401 1401 3483 ἐμή·

408 3497 526 3580 6ορχος;
547 3495 596 3564 Τίς
608 3493 825 3580 γυμνασίαρχος;
839 3497 899 3558 cic.
911 3497 1032 3576 Epistol.
1046 3497 1144 3556 Famil.
1157 3499 1219 3570 Vll,
1240 3516 1294 3568 123
1314 3500 1398 3558 «nri-

407 3594 514 3668 rabar‚
528 3594 599 3672 quid
614 3606 689 3652 esset
707 3595 788 3672 quod
805 3607 838 3653 tu
850 3593 921 3653 mihi
932 3593 1043 3652 litteras
1058 3594 1173 3652 mittere
1189 3594 1400 3656 intermisisses.

408 3693 551 3753 lndioavit
571 3691 642 3750 mihi
666 3692 760 3752 Pansa
778 3711 875 3764 meus,
902 3692 1080 3770 Epicureum
1102 3702 1132 3749 te
1153 3711 1215 3750 esse
1236 3694 1401 3753 factum.O

409 3803 502 3851 castra
516 3790 673 3868 praeclara!
693 3829 741 3848 ...
756 3789 834 3861 Quid
846 3808 937 3869 porro
956 3790 1005 3849 liet
1018 3788 1130 3867 populo
1141 3788 1306 3862 Ulubrano,
1326 3792 1351 3851 si
1370 3801 1402 3849 tu

410 3888 543 3948 statueris
556 3883 740 3946 πολιτεύεσθαι
751 3906 811 3944 non
826 3889 983 3964 oportere?
997 3912 1010 3938 υ

450 3985 532 4066 (305)
546 3985 625 4044 Sext.
637 3983 778 4061 Empirio.
799 3984 871 4043 hdv.
891 3984 1026 4043 lllathem.
1045 3987 1075 4057 1,
1098 4005 1125 4062 p.
1148 3984 1220 4056 215,
1235 3984 1282 4044 ed.
1296 3985 1401 4044 Faba:

411 4082 482 4163 τοίχα
494 4079 522 4140 δὲ
543 4079 589 4140 καὶ
603 4079 647 4139 διὰ
661 4077 709 4152 τὴν
723 4081 787 4162 πρὸς
802 4080 862 4149 τοὺς
873 4081 934 4162 περὶ
951 4079 1086 4142 Πλάτωνα
1109 4080 1154 4142 καί
1177 4081 1342 4162 Ἀριστοτέλη
1358 4083 1403 4140 καὶ

412 4179 469 4247 τοὺς
484 4178 588 4257 ὁμοίους
600 4176 754 4255 δυσμένειαν
769 4179 929 4257 πολυμαθεῖς
941 4179 1089 4257 γεγονότας.
