3174 5284
397 477 399 482 ’
457 505 506 576 ln
528 507 852 615 ιτιιισοωιεωυιιι.Ι
1083 513 1144 597 ιιι

97 654 100 665 ’
158 675 192 747 I,
205 672 256 738 16:
272 668 349 742 Φαίη
359 666 441 758 σις’λν
452 670 482 730 ίιι
493 669 645 752 περιουσίας
656 674 741 730 ταῦτα
752 667 884 750 λέγεσθαι·
896 669 965 732 ἀλλὰ
976 670 1036 741 τοῖς
1045 674 1151 742 πλείους

157 771 209 830 τῶν
225 766 314 847 λόγων
333 766 376 826 ἐπ’
389 767 477 834 αὐτοῖς
495 765 691 826 ἀναλίσκουσιν.
712 764 829 827 Ἔπειτα
843 766 939 828 εἰδέναι
961 767 1000 830 δεῖ
1020 768 1067 829 καί
1089 769 1150 852 περί

156 867 208 926 τῶν
225 867 257 924 ἔκ
269 862 419 944 περιουσίας
432 863 582 945 κεφαλαίων
596 863 623 923 τί
638 862 698 923 τότε
710 861 805 923 λεκτέα
825 863 895 923 ἐστὶν
922 866 980 924 κτλ.
1004 867 1150 946 Doxopat.

157 963 269 1022 llomil.
283 961 314 1018 in
329 961 497 1040 Aphthon.:
519 958 555 1020 ‘ll
570 958 598 1019 δὲ
613 958 782 1044 συγχώρησις
795 959 863 1039 μετὰ
875 957 924 1033 τλν
937 959 1085 1034 άνασκευὴν
1096 966 1152 1022 τῶν

138 1058 294 1122 ίᾶντιδίνιου
317 1056 403 1136 λόγων
428 1054 520 1139 ὥσπερ
544 1058 575 1116 ἐκ
598 1055 749 1138 περιουσίας
774 1055 843 1125 τινὸς
862 1056 998 1135 ἐπάγεται.
1028 1059 1083 1118 Rh.
1106 1079 1150 1137 gr.

158 1156 249 1214 Wnlz.
266 1166 286 1212 t.
298 1156 342 1230 ll,
363 1175 393 1232 p.
407 1156 476 1222 343.
490 1153 587 1227 ldem,
600 1153 691 1220 ibid..
713 1175 743 1232 p.
757 1155 835 1228 374:
857 1152 969 1227 Ἐπειδὴ
984 1153 1013 1214 δὲ
1024 1153 1059 1216 τὰ
1070 1155 1103 1214 δι’
1112 1147 1150 1216 ὧν

156 1249 193 1319 εἰς
203 1250 255 1324 τὴν
270 1250 405 1333 ῥητορείαν
415 1248 602 1329 γυμναζάμιθα
613 1249 782 1332 παραδιδοὺς,
794 1250 841 1310 καί
856 1275 915 1310 τινα
926 1250 1047 1332 ὦρίλιμα
1057 1250 1150 1321 ἔξωθεν

156 1345 331 1429 παρεπόμενα
346 1347 473 1422 διδάσκει,
490 1349 520 1406 lx
530 1345 680 1430 περιουσίας
692 1352 769 1407 τοῦτο
783 1351 877 1424 ποιῶν,
892 1349 923 1408 αὖ
932 1345 1057 1431 μέμψεως
1071 1349 1150 1427 μόνον

155 1445 245 1517 πάσης
265 1443 401 1526 άνιίντερος,
419 1441 489 1502 ἀλλὰ
513 1442 559 1503 καλ
583 1443 697 1503 ἐπαίνων
726 1443 857 1522 μεγίστων
884 1441 1045 1516 καθέστηκεν
1071 1443 1150 1514 άξιος.

156 1543 200 1601 Cl.
216 1544 317 1620 Sopat.
339 1542 435 1603 Schol.
451 1542 482 1598 in
501 1543 640 1620 nermog.
656 1543 700 1604 Ile
719 1541 864 1615 statibus,
882 1541 937 1600 llh.
953 1561 997 1619 gn.
1017 1541 1106 1600 Walz.
1128 1553 1148 1600 t.

156 1638 212 1709 lv,
230 1657 259 1715 p.
281 1646 340 1714 493
361 1645 438 1715 4993
458 1637 615 1696 Marcellin.
640 1658 671 1716 p.
694 1645 772 1710 [μσς
795 1637 896 1714 Αρείιι.
918 1635 979 1719 περὶ
991 1636 1152 1717 προοιμίων,

143 1733 218 1806 ¹llll,
229 1734 250 1791 l.
259 1734 288 1806 l.,
301 1747 321 1794 t.
334 1735 386 1812 IX,
402 1753 431 1812 p.
446 1734 521 1810 509:
543 1730 607 1793 Εἰσί
622 1729 651 1790 δὲ
662 1735 715 1791 τῶν
729 1735 883 1816 αἰνατρυπῶν
901 1733 929 1792 αῖ
943 1730 992 1812 μὲν
1003 1732 1097 1810 ἁπλαῖ,
1109 1724 1151 1800 αἶς

155 1827 234 1902 ἥδεὴ
252 1826 359 1909 μίθοδος
370 1829 518 1890 εἰσπίπτει·
540 1832 568 1890 αί
583 1827 625 1906 ll,
647 1831 679 1889 ἐκ
694 1829 861 1912 περιουσίας,
884 1831 921 1898 ὡς
941 1832 968 1889 ἐν
984 1829 1089 1912 ἐκείνῳ·
1103 1831 1150 1890 εί-

156 1926 303 2008 ηργέιησε,
319 1932 397 1988 τοῦτο
411 1929 512 1996 ἅπλῶς·
531 1917 589 1987 εἶτα
608 1927 665 2006 μεθ’
683 1927 845 2010 ὓπερὸολῆς,
862 1919 926 1988 οἷον·
947 1929 976 1987 αὖ
997 1926 1076 2007 μόνον
1097 1929 1145 1988 οὔκ

158 2022 346 2106 εὐηργέτησεν,
377 2023 446 2086 ἀλλὰ
473 2022 519 2084 καί
541 2024 604 2087 τάδε
630 2024 750 2098 ἠδίκησε.
776 2027 828 2087 Est
853 2046 970 2104 quoque
995 2027 1149 2104 peculiaris
1241 2079 1243 2084 .

158 2119 309 2201 περιουσία,
330 2141 395 2198 qnae
416 2141 480 2181 eam
493 2121 672 2199 vimhnbet,
692 2135 725 2180 nt
741 2134 842 2181 orator
855 2123 885 2180 in
897 2121 1017 2182 exordio
1030 2124 1071 2182 ita
1088 2123 1149 2180 fere

159 2236 274 2276 eausam
297 2218 472 2276 constituat:
485 2221 521 2276 de
535 2224 640 2276 minore
650 2224 764 2275 crimine
782 2238 887 2287 accuso,
902 2239 986 2294 quum
999 2225 1147 2293 ponentem

156 2316 192 2374 de
201 2322 315 2388 majore.
326 2315 370 2376 ef.
382 2319 518 2393 Hei-mog.
530 2316 574 2374 De
585 2315 695 2373 Invent.
707 2315 738 2388 l;
751 2315 945 2388 Quinctillv,
959 2314 987 2384 5,
1002 2316 1058 2390 155
1071 2316 1106 2383 V,
1119 2316 1148 2389 6,

158 2429 195 2485 ες
208 2411 292 2486 Vlll,
305 2414 334 2482 3,
346 2412 403 2485 883
417 2413 541 2474 Ernesti.
553 2411 652 2473 Lexic.
665 2410 807 2472 Technol.
819 2431 861 2488 gr.
874 2411 928 2470 Rh.
940 2431 971 2488 p.
985 2411 1051 2487 εὕρ.

195 2507 231 2564 V.
243 2508 290 2566 26.
304 2501 446 2590 Ἄρατον..
460 2510 529 2568 .Ms.
542 2507 630 2572 habet
643 2495 870 2573 AmllCON.
909 2507 997 2568 Posui
1030 2504 1146 2588 άρατον,

158 2613 225 2692 quia
239 2614 310 2673 mihi
321 2617 400 2676 nulla
414 2615 555 2675 alienatio
569 2615 730 2696 probabilis
741 2615 868 2676 occurrit
880 2612 1065 2676 commodum
1078 2611 1149 2672 inde

158 2729 271 2770 sensnm
293 2710 435 2772 eliciendi.

563 2959 748 2988 -οσου-
846 2953 856 2972 V

455 3186 685 3268 COLUMNA
704 3186 853 3256 XXVII.
937 3233 940 3246 .

197 3447 230 3507 ll.
249 3468 274 3506 1.
294 3447 452 3529 Εὑρεῖν
475 3449 549 3509 Tam
571 3450 708 3528 frequens
722 3447 850 3506 occurrit
869 3471 887 3520 η
905 3465 961 3527 pro
976 3470 1015 3522 ει,
1029 3458 1063 3505 ut
1074 3447 1148 3507 nihil

160 3560 271 3619 facilius
284 3560 322 3618 sit
335 3580 423 3639 quam
435 3561 518 3643 είρεῖν
533 3562 638 3622 elicere
652 3581 690 3622 ex
701 3548 766 3626 Ε7
774 3548 886 3624 ΡΗΝι
901 3560 982 3638 qnod
1001 3560 1031 3620 in
1045 3561 1099 3621 Ms.
1113 3562 1152 3622 le·¹

156 3665 244 3743 ¹gitur.
268 3667 364 3726 Unum
380 3666 547 3745 exemplum
564 3668 653 3727 citare
678 3669 747 3727 satis
764 3669 829 3742 erit,
851 3666 931 3747 quod
955 3667 992 3726 ad
1010 3666 1039 3726 h.
1053 3668 1072 3726 l.
1091 3686 1168 3744 ap-.

158 3765 250 3844 prime
279 3763 368 3824 facit:
394 3763 548 3848 καταφυγήν
571 3780 601 3826 et
627 3775 787 3850 καταφυγεῖν
823 3767 1040 3826 confunduntur
1068 3764 1149 3842 apud

158 3859 282 3938 Lydum,
299 3859 335 3918 de
348 3862 470 3933 θεῖσαι,
490 3881 519 3940 p.
534 3863 607 3940 160,
620 3863 666 3923 ed.
675 3865 718 3923 (ΖΙ.
729 3867 814 3924 llase.
828 3863 914 3934 Quod
926 3863 962 3921 nd
973 3865 1055 3943 εὑρεῖν
1069 3859 1148 3918 adti-
1278 3897 1281 3904 ·

158 3966 226 4030 net,
245 3956 284 4016 cl.
298 3956 419 4034 Dionys.
433 3958 523 4016 llalic.
537 3961 569 4016 ln
579 3957 684 4036 Lysia,
705 3961 790 4020 XIV:
811 3957 954 4041 Εὓρετικλς
965 3956 1016 4039 γάρ
1027 3957 1084 4016 ἐστι
1093 3956 1154 4016 τῶν,

158 4053 184 4114 ίν
207 4060 264 4120 τοῖς
276 4051 431 4135 πράγμασιν
454 4051 565 4116 ἐνόντων
579 4054 675 4136 γλάγων
691 4058 705 4114 ὁ
723 4053 804 4137 ἀνὴρ,
826 4056 856 4115 οὗ
878 4053 956 4133 μόνον
978 4042 1015 4114 ὧν
1034 4053 1149 4120 ἅπαντες

161 4147 291 4232 εὕροιμεν,
306 4148 432 4211 ἀλλὰκαὶ
444 4139 481 4210 ὧν
493 4151 592 4230 μηθείς.
