3174 5284
603 545 844 616 ,COLUMNA
866 547 972 615 XLII.
1159 541 1203 615 85

437 748 512 813 sive
555 745 724 840 posteris,
764 749 852 816 sive·
875 743 1093 816 ‘hominibus
1141 747 1205 840 qui
1283 759 1297 772 ·

437 883 639 982 quoudam'
661 889 900 975 exstiterunt,
938 885 1205 958 dubitationem

437 1023 674 1113 habebimus;
713 1029 800 1122 quia
825 1028 1007 1098 neminem
1041 1024 1205 1098 videmus

435 1165 501 1259 qui
516 1162 562 1234 ab
588 1161 656 1233 illis
676 1161 721 1234 ad
738 1131 894 1263 'rectum
921 1162 1030 1236 fuerit
1062 1187 1205 1238 revoca·

436 1316 515 1391 tus,
545 1327 665 1399 neque
684 1293 917 1401 intelligimus
936 1305 1135 1404 quomodo
1167 1304 1204 1377 id

439 1443 581 1517 efficere
593 1449 745 1544 possint.
767 1449 890 1544 Atqui,
910 1451 1115 1521 Demetrius
1131 1472 1204 1520 una
1225 1459 1230 1476 ’

438 1611 524 1657 cum
555 1587 780 1661 orationibus
816 1587 1003 1687 sophistici
1036 1595 1201 1687 generis,

419 1717 660 1830 ‘coujungens
674 1727 910 1803 deliberativo
925 1745 1035 1829 atque
1045 1731 1205 1829 judiciali

434 1872 555 1966 generi
582 1869 733 1942 modum
770 1869 914 1943 dicendi
940 1895 1050 1970 quem
1079 1896 1205 1944 omncs

361 2053 367 2122 ζ
434 2009 537 2084 l'acilc
551 2027 813 2109 assequuntur3
831 2038 944 2111 quem
962 2014 1113 2113 quidem
1127 2018 1204 2113 ipse

377 2137 381 2149 ’
434 2147 561 2222 definit
574 2150 718 2224 dicendi
737 2175 871 2250 genus,
889 2153 989 2250 quod
1003 2155 1203 2251 ingratiam

324 2350 328 2364 s
432 2288 511 2362 abit
539 2258 636 2388 apud
663 2289 940 2406 multitudinem.
962 2307 1073 2389 atque
1107 2290 1203 2388 apud

434 2446 602 2530 potentes
614 2434 710 2504 viros
727 2433 766 2514 in
782 2423 1042 2534 legationibus,
1062 2437 1101 2502 in
1116 2456 1204 2531 prae·

434 2557 631 2649 sentiarum
652 2577 814 2671 quiescat
834 2573 957 2673 ¹(quid
987 2577 1083 2646 enim
1114 2574 1204 2647 boni

433 2712 518 2784 inde
575 2710 714 2802 oriatur
763 2728 889 2812 postea
940 2713 1145 2787 videbimus
1162 2714 1202 2802 l;

364 2854 367 2865 ⁴
431 2852 517 2942 sed,
555 2869 749 2952 propterea
784 2855 885 2952 quod
920 2855 979 2930 illa
1012 2858 1134 2927 omnia
1168 2868 1203 2926 et
1306 2878 1333 2950 j

432 2993 673 3091 sophisticum
718 3019 832 3093 genus
875 2995 992 3067 eidem
1041 3018 1202 3094 personae
1305 3057 1309 3066 .

434 3135 584 3226 tribuit,
636 3161 657 3208 a
700 3151 800 3208 recto
840 3121 1007 3209 aberrare
1049 3134 1199 3207 dicatur.

432 3274 541 3365 Quod
579 3280 609 3346 si
655 3292 817 3348 nostram
858 3273 1202 3348 commentationem

433 3435 524 3514 quae'
552 3418 597 3490 ad
637 3433 749 3491 unam
791 3399 1082 3490 exercitationem
1120 3439 1202 3514 per·

434 3563 556 3648 tinet,
607 3559 670 3632 sed
714 3585 780 3659 per
818 3559 958 3631 diversa
990 3559 1224 3657 explicatur,‘

432 3699 659 3800 philosophis
689 3702 890 3810 eripuerit,
933 3715 976 3774 ut
999 3700 1096 3772 illam
1128 3698 1204 3771 rhe-

436 3843 578 3917 toribus
607 3844 806 3934 attribuat3.
832 3868 911 3916 eam
945 3847 1061 3941 ipsam
1093 3817 1204 3912 sacutl

431 3997 542 4071 tatem
579 4011 657 4084 quoe
706 3989 744 4057 in
761 4089 764 4096 γ
780 3955 935 4088 politicis
982 3981 1090 4055 rebus
1131 4004 1202 4054 suae
1290 4019 1295 4022 ·
