3174 5284
379 573 390 620 1
406 576 444 622 ιο
690 557 1045 628 ANNOTATIONES

373 719 449 778 lecto
472 721 529 778 luit
543 721 624 799 prior
646 733 676 779 et
693 741 762 780 sana
781 719 928 804 ὀρθοέπεια.
952 724 1068 784 Caeteri
1085 723 1243 804 sophistae,
1268 725 1336 785 inde
1348 748 1367 786 a
1397 779 1401 790 .

373 816 463 890 Polo,
483 817 630 894 poeticum
654 817 808 888 vestitum,
827 838 964 876 numeros
986 818 1084 877 dulces
1099 819 1144 876 vel
1164 817 1367 896 effoeminatos,

372 911 529 989 figurarum
543 911 732 971 immodicum
749 933 832 973 usum
840 957 850 984 ‚
864 928 1077 993 poetarumque
1098 913 1254 974 dictionem
1268 918 1299 975 in
1317 937 1367 976 so-

372 1009 462 1066 lutam
489 1010 653 1068 orationem
683 1010 888 1089 importarunt.
919 1011 1015 1082 Quam
1035 1011 1075 1069 ob
1102 1032 1218 1071 oausam
1245 1013 1303 1071 hoc
1325 1015 1366 1078 ita

372 1107 480 1164 factum
495 1107 532 1164 sit
545 1106 630 1165 docet
643 1107 763 1166 Aristot.
776 1107 859 1166 libet.
874 1109 924 1180 ΙΙΙ,
949 1128 962 1166 1
977 1131 984 1165 ι
1006 1106 1085 1168 Ἐπεὶ
1100 1107 1128 1166 δὲ
1143 1111 1167 1168 ol
1190 1109 1299 1182 ποιηταὶ
1320 1110 1366 1172 λε’·

371 1225 460 1280 γοντες
472 1201 563 1277 εὐήθη,
574 1200 618 1260 διὰ
632 1200 681 1275 rhu
693 1201 762 1272 λέξιν
779 1201 886 1263 ἐδόκουν
897 1202 1057 1284 πορίσασθαι
1067 1202 1146 1276 τήνδε
1163 1209 1211 1278 τὴν
1222 1205 1308 1280 δόξαν,
1320 1207 1366 1268 διὰ

371 1304 448 1358 τοῦτο
464 1297 591 1372 ποιητικὴ
605 1297 699 1380 πρώτη
714 1297 817 1378 ἐγένετο
827 1297 914 1374 λέξις,
929 1291 983 1360 οἷον
997 1305 1014 1372 ἡ
1030 1300 1151 1384 Γοργίου·
1166 1300 1213 1361 καὶ
1227 1309 1271 1362 νῦν
1287 1301 1326 1363 ἔτι
1339 1309 1364 1364 οἱ

370 1395 464 1455 πολλοὶ
478 1399 530 1456 τῶν
544 1395 709 1456 ἀπαιδεύτων
721 1397 783 1464 τοὺς
790 1395 922 1464 τοιούτους
934 1395 1034 1456 οἴονται
1045 1397 1212 1479 διαλέγεσθαι
1223 1400 1363 1462 κάλλιστα.
1384 1424 1388 1432 ’

371 1495 458 1553 Τοῦτο
478 1493 500 1552 δ’
515 1494 562 1553 οὔκ
580 1493 670 1568 ἔστιν,
700 1493 759 1552 ἀλλ’
780 1492 858 1575 ἑτέρα
884 1491 964 1573 λόγου
989 1493 1036 1553 καὶ
1054 1494 1187 1568 ποιήσεως
1210 1495 1279 1566 λέξις
1298 1497 1364 1558 ἐστί.

371 1591 439 1648 llaec
472 1591 606 1651 dictionis
636 1591 782 1670 pigmenta
819 1591 1008 1650 Philodemus
1045 1593 1205 1674 εἰρωνικῶς,
1237 1606 1269 1652 ut
1298 1597 1365 1673 opi-

372 1706 443 1760 nor,
462 1687 587 1747 vocabat
600 1685 648 1761 τλν
668 1689 720 1746 τῶν
745 1689 875 1770 σοριστῶν
898 1684 1064 1768 ὀρθοέπειαν,
1087 1709 1159 1747 voce
1180 1687 1310 1767 pejorem
1332 1692 1363 1750 iu

371 1794 484 1860 partem
499 1797 636 1863 accepta,
659 1796 692 1842 ut
702 1784 876 1862 significaret
886 1783 1007 1841 nimium
1032 1785 1180 1844 affectatas
1195 1785 1225 1843 in
1240 1784 1365 1846 dicendo

372 1879 490 1937 delicias
514 1893 545 1938 et
571 1880 760 1952 festivitates,
782 1899 854 1958 quas
879 1881 1017 1958 sophistae
1048 1879 1252 1939 existimabant
1277 1881 1366 1965 δρθυέ·

370 1998 447 2035 πειαν
462 1999 523 2037 esse
536 1979 595 2037 κατ’
606 1976 709 2058 ἐξοχήν.
724 1979 817 2050 Quam
831 1977 1029 2056 conjecturam
1042 1992 1075 2037 ut
1087 1977 1249 2057 obfirmem,
1260 1981 1364 2041 addam

366 2073 503 2151 judiciale
523 2075 803 2152 deliberativumque
832 2096 921 2154 genus
946 2088 1013 2135 ante
1036 2077 1295 2137 demonstrativum
1311 2099 1365 2138 ex-

371 2171 485 2244 stitisse,
493 2184 664 2249 veteresque
678 2171 782 2230 aruum
798 2173 955 2250 scriptores
964 2171 1102 2250 judiciale
1119 2193 1209 2252 genus
1220 2175 1250 2231 in
1262 2171 1366 2253 primis

371 2281 506 2329 tractasse
517 2293 525 2343 ;
540 2271 609 2330 vide
618 2270 750 2348 Spengel.
763 2268 911 2349 Συναγωγὴ
923 2271 1034 2350 τεχνῶν,
1045 2290 1074 2349 p.
1085 2291 1120 2328 ra
1131 2291 1209 2350 sqq.;
1224 2273 1363 2332 182-188.

371 2372 451 2432 ldem
464 2372 595 2431 lecerunt
612 2371 765 2450 sophistae,
786 2372 917 2449 quamvis
933 2372 1121 2431 ostentationi
1135 2372 1286 2432 studerent
1296 2386 1365 2434 ante

370 2475 477 2532 omnia.
493 2473 660 2552 Antiphon,
676 2472 870 2551 sophistarum
884 2473 991 2536 scholis
1011 2493 1155 2552 egressus,
1182 2493 1283 2533 eorum
1299 2475 1365 2533 arti·

371 2571 434 2628 licia
448 2570 559 2648 accepit
575 2581 604 2627 et
617 2567 768 2647 probavit,
781 2587 872 2646 quum
892 2569 922 2626 in
935 2581 997 2626 arte
1011 2569 1157 2628 rhetorica
1174 2590 1262 2649 quam
1278 2570 1364 2630 erul-

369 2679 507 2744 gaverat,
534 2679 595 2724 tum
615 2667 646 2725 in
665 2665 855 2725 orationibus.
870 2645 953 2726 XVeri
976 2667 1068 2726 simile
1095 2679 1138 2725 est
1159 2667 1366 2745 Thucydidem

370 2782 487 2840 quoque
499 2762 638 2821 nonnulla
656 2774 818 2820 mutuatum
839 2762 926 2821 luisse
952 2762 1126 2840 asophistis.
1149 2764 1227 2834 Quid
1238 2763 1365 2842 proinde

370 2858 491 2932 mirum,
512 2857 536 2916 si
558 2869 704 2928 oratores,
725 2857 813 2915 etiam
836 2877 926 2934 quum
946 2859 975 2915 in
996 2858 1061 2916 loro
1082 2871 1170 2936 atque
1193 2860 1222 2916 in
1244 2858 1364 2938 judiciis

367 2939 580 3032 ¹versabantur,
603 2968 734 3032 tempore
759 2953 842 3031 cujus
866 2955 971 3014 Noster
994 2955 1141 3026 meminit,
1166 2957 1363 3035 sophistarum

370 3053 491 3130 vestigia
510 3053 602 3110 secuti
627 3053 769 3110 fuerunt?
794 3051 877 3111 Haud
901 3050 1044 3110 absimilia
1067 3052 1158 3110 tradit
1181 3055 1260 3124 tto,
1283 3055 1368 3114 Orat.

371 3151 497 3212 xtht:
522 3151 601 3209 «Est
622 3149 697 3209 enirn
723 3148 871 3227 quoddam
894 3149 1005 3228 insigne
1031 3163 1060 3208 et
1085 3150 1190 3209 florens
1209 3151 1367 3222 orationis,

370 3248 483 3324 pictum
515 3260 544 3306 et
575 3246 733 3326 expolitum
769 3267 872 3324 genus,
908 3247 939 3304 in
966 3267 1025 3324 quo
1060 3267 1160 3306 omnes
1190 3247 1364 3318 verborum,

370 3363 469 3402 omnes
482 3343 690 3404 sententiarum
713 3344 862 3422 illigantur
873 3343 995 3420 lepores.
1008 3348 1072 3404 Hoc
1084 3357 1176 3402 totum
1196 3365 1213 3402 e
1227 3345 1367 3422 sophista,—

370 3461 430 3497 rum
443 3437 570 3516 sontibus
591 3443 708 3515 defluxit
726 3447 754 3498 in
769 3439 865 3516 forum
886 3452 963 3498 eto.-

409 3554 443 3611 V.
461 3555 564 3627 17-18.
590 3551 843 3635 ΙΙροεκπιπτόντων.
857 3595 884 3613 ..
912 3553 1053 3612 Eumdem
1071 3555 1102 3611 in
1119 3573 1203 3613 usum
1226 3553 1365 3614 ἐκπίπτειν

371 3646 563 3706 adhibuerunt
580 3649 717 3725 Syrianus
739 3660 825 3726 atque
845 3650 981 3727 Sopater,
996 3649 1092 3708 Schol.
1114 3651 1145 3707 in
1160 3652 1294 3729 Hermog.
1318 3657 1367 3712 De

370 3744 509 3818 statibus
521 3745 575 3806 tlh.
587 3765 630 3822 gr.
646 3747 747 3815 Walz.‚
760 3758 780 3803 t.
796 3747 844 3820 ΙΙΙ,
857 3767 886 3825 p.
901 3767 959 3804 aro
971 3743 1167 3805 2'Exnlrtnouot
1180 3745 1231 3830 γὰρ
1245 3753 1290 3808 τοῦ
1301 3773 1367 3808 στο-

369 3845 493 3923 χασμοῦ,
507 3837 523 3898 δ
535 3863 563 3899 τε
577 3838 723 3923 παράδοξος
736 3840 782 3899 καλ
796 3844 811 3899 δ
827 3840 879 3899 ἀπὸ
892 3839 1001 3920 γνώμης
1014 3841 1059 3901 καλ
1075 3843 1099 3900 οἱ
1112 3844 1367 3922 ἀντεγκληματικοὶ,

279 3995 280 4007 ,
368 3939 413 4000 καλ
429 3942 454 3998 οἱ
468 3939 569 4004 ἀτελεῖς
579 3939 610 3996 ἐκ
621 3936 786 4018 πραγμάτων
800 3939 859 3996 κτλ.

407 4077 444 4132 V.
473 4092 516 4147 19.
533 4067 702 4132 Τούτους...
733 4071 764 4127 ln
779 4071 831 4128 Ms.
845 4055 953 4133 Το7
960 4055 1055 4134 Ρο7
1057 4057 1086 4133 C
1104 4092 1157 4149 pro
1178 4070 1283 4138 τούτους
1298 4092 1367 4145 esse

368 4195 453 4233 nemo
468 4173 645 4232 diffitebitur.
