3198 5288
406 575 505 632 XXIV

409 721 609 820 bant,(66);
630 725 746 819 qualis
762 724 820 794 illa
836 721 945 796 fuerit
960 725 1168 823 eloquentia
1182 724 1332 797 delinire
1358 731 1397 798 in

408 853 582 935 promptu
614 859 687 908 non
713 853 776 908 est.
798 841 887 926 Quae
913 842 1010 909 enim
1034 844 1132 910 Arati
1154 839 1248 938 (67),
1274 841 1393 912 Philo·

408 954 585 1046 poemenis
600 951 693 1048 (68),
715 957 877 1052 Lycortae
893 953 982 1050 (69),
996 956 1160 1025 Aristaeni
1176 957 1266 1050 (ρο),
1286 955 1400 1026 Chlae·

409 1065 586 1161 neae(71)‚
604 1068 742 1163 Lycisci
767 1066 844 1163 (γε)
855 1081 923 1138 etc.
943 1068 1127 1138 orationes
1143 1068 1242 1165 apud
1255 1067 1400 1138 histori-

408 1287 554 1365 ttetiquiae'
570 1288 619 1346 lib.
635 1288 785 1364 XXVIIL}
797 1299 829 1358 t:
847 1291 892 1349 καὶ
905 1291 986 1350 πάλιν
1000 1291 1055 1350 ἐκεῖ
1067 1289 1241 1370 συναχθείσης
1254 1292 1342 1358 αὐτοῖς
1351 1295 1401 1363 τῆς

341 1433 342 1436 ,
407 1385 549 1456 ἐκκλησίας
563 1388 598 1452 εἰς
612 1384 730 1468 Θίρμον,
752 1386 925 1466 παρελθόντες
938 1389 974 1456 εἰς
985 1385 1046 1454 τοδς
1060 1385 1174 1454 πολλοὺς
1186 1387 1401 1469 παρακλητικοθς

408 1481 454 1539 καί
473 1480 670 1563 φιλανθρώπους
684 1482 822 1542 διετίθεντο
833 1482 942 1562 λόγους,
957 1486 1015 1543 κτλ.

448 1583 481 1636 2⁰
494 1580 585 1656 AEgii3
600 1579 713 1657 Polyb„
728 1584 781 1657 IV,
794 1582 848 1640 26:
862 1582 887 1640 ol
899 1580 922 1640 δ’
933 1581 1044 1662 Ἀχαιοὶ,
1059 1577 1224 1646 συνελθόντες
1235 1583 1271 1645 εἷς
1288 1579 1338 1653 τλν
1346 1605 1400 1640 κα-

409 1674 539 1746 θήκουσαν
552 1674 669 1751 σύνοδον,
682 1675 713 1736 τό
726 1701 755 1736 τε
770 1675 856 1757 δόγμα
869 1678 966 1746 πάντες
983 1675 1163 1760 ἐπεκύρωσαν,
1176 1677 1222 1737 καί
1238 1677 1269 1737 τδ
1282 1678 1399 1760 λάφυρον
1485 1713 1488 1720 «

408 1770 568 1853 ἐπεκήρυξαν
584 1773 653 1833 κατθι
673 1777 726 1834 τῶν
744 1777 873 1835 Αἷτολῶν.
898 1772 1094 1858 Προσελθόντος
1108 1772 1137 1833 δέ
1150 1774 1197 1834 καί
1209 1779 1256 1834 τοῦ
1271 1774 1401 1854 βασιλέως

407 1868 472 1950 πρὸς
487 1867 535 1941 τὴν
551 1869 647 1949 βουλὴν
659 1873 686 1928 ἐν
707 1871 809 1952 Αἰγίῳ,
823 1871 869 1930 καὶ
886 1864 1066 1951 δίαλεχθίντος
1085 1870 1128 1930 διθι
1141 1868 1283 1946 πλειόνων,
1302 1871 1363 1955 τὰρ
1383 1909 1401 1918 -

409 1965 486 2026 θέντα
503 1967 561 2044 μετ’
573 1965 672 2034 εὐνοίας
686 1965 856 2046 ἀπεδέξαντο,
871 1971 930 2027 κτλ.
943 1969 1017 2028 Ibid.
1036 1970 1095 2027 82:
1116 1967 1158 2028 Δι’
1173 1967 1191 2026 δ
1205 1967 1239 2040 δὴ
1256 1968 1301 2028 καὶ
1315 1969 1401 2029 πείθει

409 2064 565 2140 Φίλιππον,
585 2061 779 2145 παραγενέσθαι
797 2066 863 2146 πρὸς
885 2063 933 2132 τδς
954 2069 1007 2124 τῶν
1032 2065 1146 2144 Ἀχαιῶν
1170 2064 1342 2147 ἀρχαιρεσίας
1363 2071 1401 2136 είς

409 2161 516 2241 Αἴγιον.
529 2206 536 2220 .
549 2207 556 2220 .
570 2208 575 2224 .
589 2161 745 2230 Πεισθέντος
768 2162 791 2220 δ’
815 2164 886 2243 αὐτῷ
907 2168 954 2222 τοῦ
978 2160 1123 2242 βασιλέως,
1144 2158 1237 2243 παρὼν
1257 2155 1335 2230 αὐτὸς
1354 2165 1400 2224 ἐπὶ

409 2265 455 2318 τοῦ
467 2263 573 2340 καιροῦ,
596 2258 642 2317 καὶ
661 2257 721 2325 τοθς
737 2256 784 2337 μὲν
806 2261 990 2341 παρακαλῶν,
1004 2249 1043 2326 οἷς
1062 2257 1086 2316 δ’
1098 2255 1304 2336 ἀνατεινόμενος,
1325 2257 1402 2337 μόλις

411 2355 459 2433 μὲν
474 2355 563 2431 ἤνυσε,
577 2355 759 2438 κατεκράτησε
773 2347 841 2415 δὀῧν
851 2354 922 2435 όμως
929 2361 976 2415 τοῦ
984 2353 1259 2437 γενέσθαιστρατηγδν
1273 2355 1400 2439 Ἐπήρα-

408 2477 452 2515 τον
472 2452 605 2536 Φαραιέα·
631 2454 675 2514 τδν
704 2453 731 2514 δὲ
745 2451 889 2532 Τιμόξενον
915 2455 1050 2528 ἐκπεσεῖν,
1066 2453 1110 2512 τδν
1129 2451 1181 2512 ὖπδ
1198 2457 1251 2512 τῶν
1265 2453 1325 2536 περ)
1354 2454 1401 2513 τόν

409 2551 520 2633 Ἄρατον
535 2550 714 2630 εἰσαγόμενον.
725 2552 769 2612 Cf.
784 2556 874 2629 XVI,
889 2572 943 2624 273
958 2551 1050 2630 ttetiq.
1060 2550 1112 2611 lib.
1125 2554 1270 2623 XXVIII,
1280 2553 1307 2609 3.

449 2648 511 2726 (66)
525 2646 627 2724 Polyb.
640 2648 732 2724 Reliq.
753 2646 804 2705 lib.
816 2651 885 2720 XX,
900 2639 1058 2725 93'XX11,
1073 2669 1084 2704 1
1098 2649 1277 2726 3praesertim
1289 2651 1402 2716 XXIV,

412 2768 423 2802 1
439 2769 446 2803 z
467 2744 547 2804 Κατὰ
563 2743 613 2816 τὴν
632 2743 655 2804 θ’
671 2745 716 2804 καί
730 2743 758 2822 μ’
770 2744 942 2821 Ὀλυμπιάδα
956 2747 1022 2829 πρὸς
1039 2755 1097 2812 ταῖς
1111 2743 1152 2827 ρ’,
1172 2747 1208 2812 εἰς
1222 2743 1272 2818 τὴν
1288 2743 1400 2824 Ῥόιμην

408 2843 583 2925 ἠθροίσθησαν
608 2841 753 2925 πρεσόειῶν
766 2844 866 2914 πλῆθος
886 2843 940 2902 ἀπδ
957 2841 1160 2918 τῆςἝλλοίδος,
1175 2839 1236 2902 ὅσον
1251 2845 1281 2902 οὐ
1296 2841 1401 2922 ταχέως

407 2940 544 3024 πρότερον.
555 2942 598 3000 Cf.
614 2961 677 3019 sqq.

446 3038 509 3116 (67)
530 3036 631 3114 Polyb.
647 3043 699 3114 tv,
715 3038 752 3095 8:
773 3035 883 3119 Ἄρατος
896 3035 947 3119 γὰρ
971 3027 1005 3108 ἦν
1022 3036 1057 3096 τὰ
1070 3035 1118 3115 μὲν
1133 3034 1201 3094 ἄλλα
1217 3033 1317 3102 τέλειος
1331 3031 1399 3114 ἀνὴρ

407 3137 443 3200 εἷς
466 3133 511 3192 τὸν
527 3117 711 3215 πραγματικὸν
725 3131 831 3216 τρόπον.
855 3133 910 3194 Καὶ
923 3132 975 3216 γὰρ
987 3136 1068 3194 εἰπεῖν
1097 3133 1142 3192 καὶ
1164 3133 1333 3202 διανοηθῆναί
1351 3129 1398 3189 καὶ

407 3229 496 3300 στέξαι
511 3223 543 3290 τό
562 3230 648 3312 κριθὲν
669 3230 786 3299 δυνατός.
811 3232 912 3308 Idem,
932 3231 1003 3290 ibid.
1020 3241 1075 3300 14:
1095 3232 1125 3289 οὐ
1138 3227 1191 3308 μὴν
1208 3228 1267 3287 ἀλλ’
1285 3227 1343 3305 ἅμα
1359 3230 1398 3307 τῷ

406 3325 566 3408 προελθόντα
579 3327 624 3387 τὸν
639 3325 749 3409 Ἄρατον
764 3331 917 3406 ἀναμνῆσαι
928 3325 975 3405 μέν
991 3329 1044 3385 τῶν
1059 3321 1340 3407 προπεπολιτευμίνων
1352 3322 1398 3381 καὶ

406 3423 600 3507 πεπραγμένων
621 3423 748 3508 πρότερον
770 3427 860 3506 αὐτῷ,
892 3422 978 3506 ρέρειν
1001 3424 1024 3482 δ’
1045 3419 1240 3501 ἀπολογισμοδς
1260 3419 1321 3502 περὶ
1344 3424 1398 3480 τῶν

406 3519 617 3600 ἐγκαλουμένων,
631 3524 666 3588 ῶς
680 3524 710 3580 οὐ
720 3520 825 3600 γέγονεν
841 3518 923 3588 αἴτιος
937 3523 990 3580 τῶν
1003 3517 1222 3598 συμόεόηκότων,
1234 3519 1362 3576 αἰτεῖσθαι
1370 3516 1400 3576 δὲ

406 3616 577 3696 συγγνώμην,
598 3621 621 3676 εί
634 3617 680 3677 καί
692 3643 718 3676 τι
735 3614 890 3698 παρεῶρακε
907 3613 977 3674 κατὰ
988 3615 1032 3674 τὸν
1046 3612 1184 3694 γενόμενον
1199 3612 1333 3698 κίνδυνον,
1346 3611 1373 3671 οἴ
1386 3647 1398 3658 -

407 3718 468 3773 σθαι
481 3711 509 3772 δέ
525 3714 576 3772 δεῖν
594 3714 639 3773 καί
653 3711 767 3772 καθολου
785 3715 939 3770 σκοπεῖσθαι
956 3710 991 3770 τὰ
1002 3709 1147 3792 πράγματα
1160 3707 1197 3788 μὴ
1209 3711 1324 3790 πικρῶς,
1339 3707 1399 3766 ἀλλ’

408 3810 585 3894 ἀνθρωπίνως.
603 3812 646 3871 cf.
657 3818 692 3882 V,
711 3812 746 3868 16
760 3830 769 3888 3
790 3809 935 3869 Plutarch.
943 3809 974 3868 in
986 3811 1066 3870 Αειιι.
1079 3807 1112 3866 L.

448 3907 509 3988 (68)
524 3909 583 3968 Tit.
598 3908 660 3967 Liv.
677 3910 803 3976 XXXV,
820 3909 875 3978 37:
891 3905 1130 3982 «Philopoemen,
1145 3902 1244 3960 audita
1260 3901 1338 3960 caede
1353 3913 1400 3976 ty-

408 4007 511 4083 ranni,
534 4005 681 4083 profectus
693 4002 951 4080 Lacedaemonem,
974 4021 1063 4079 quum
1077 4001 1176 4063 omnia
1191 3999 1307 4058 turbata
1321 4011 1399 4054 metu

406 4105 582 4174 invenisset3
601 4101 729 4158 evocatis
752 4098 954 4179 principibus,
976 4112 1005 4156 et
1024 4099 1157 4158 oratione
1173 4096 1289 4164 habita,
1305 4095 1399 4172 qualis

408 4200 539 4260 habenda
552 4199 589 4258 ab
602 4198 777 4259 Alexameno
793 4199 906 4271 fuerat,
921 4199 1053 4258 societati
1074 4198 1244 4260 Achaeorum
1264 4193 1398 4252 Lacedae-
