3194 5286
387 529 541 584 LXXXVI

385 695 479 741 narn
504 670 756 740 Grammaticos
784 667 946 740 studium
971 671 1095 738 Crates
1116 671 1259 764 primus
1279 673 1379 742 intu-

385 787 427 863 lit
458 784 572 880 (aaa).
594 784 661 872 lbi,
692 781 807 855 fracto
824 805 949 868 crure,
967 805 1033 880 per
1059 807 1170 854 omne
1190 783 1380 882 legationis

386 915 421 970 et
439 897 655 970 valetudinis
676 912 821 993 tempus
837 895 979 966 assidue
996 893 1178 981 disseruit,
1193 901 1382 968 Romanis·

384 1037 456 1112 que
487 1013 652 1112 exemplo
676 1011 746 1084 fuit
763 1011 809 1083 ad
829 1007 1046 1082 imitandum
1063 1007 1179 1111 (003).
1200 1014 1275 1101 Qui
1296 1030 1381 1112 post

383 1113 582 1202 discessum
593 1127 1379 1224 ejusdocuerunt,poetarumcarmina(aod),

383 1251 640 1343 praecipueque
671 1243 829 1316 Annales
861 1245 990 1330 Ennii,
1024 1240 1172 1340 publice
1208 1243 1379 1342 tegebant

382 1376 420 1431 et
450 1358 787 1458 interpretabantur
824 1355 970 1453 (205);
1017 1365 1192 1454 quamvis·
1216 1382 1378 1455 anagno-

382 1489 519 1546 starum
543 1479 655 1568 magis
683 1497 793 1571 quam
813 1477 1130 1570 grammaticorum
1152 1495 1287 1544 munos
1313 1478 1380 1544 im·

381 1589 522 1688 plorent
552 1587 666 1683 (206).
690 1589 855 1658 Lc'tteratr'
887 1585 1057 1684 appellati
1085 1585 1233 1660 fuerunt
1262 1589 1365 1686 (207)

380 1823 569 1896 Pergamenae
592 1819 740 1890 alliceret,
761 1838 887 1896 eumque
907 1830 1093 1878 connecteret
1110 1820 1141 1878 in
1156 1819 1377 1898 Philosophum,

380 1916 633 1988 Mathematicum,
651 1919 868 1989 astronomum,
889 1916 1092 1994 Geographum
1107 1931 1136 1978 et
1149 1919 1263 1994 quidvis
1278 1920 1379 1998 potius

380 2033 467 2090 quarn
483 2011 564 2088 qood
578 2012 640 2088 ipse
658 2011 796 2082 voluerat.
808 2039 820 2062 ι

378 2127 380 2134 ·
418 2109 499 2189 (aon)
513 2110 631 2178 Sueten.
644 2111 688 2168 De
704 2108 840 2168 illustrib.
850 2111 1054 2170 Grammatll.

419 2207 501 2285 (so3)
512 2209 592 2267 Inter
603 2206 763 2273 secundum
773 2226 805 2264 ac
819 2207 935 2265 tertium
944 2205 1053 2266 bellum
1061 2207 1274 2285 punicum,sub
1283 2210 1377 2288 ipsam

379 2305 660 2369 trutinarent.
682 2303 800 2382 regione
813 2304 918 2362 Palatii
947 2305 1100 2382 prolapsus
1121 2305 1154 2364 in
1178 2307 1284 2366 cloaca
1295 2306 1373 2366 fora-

378 2423 454 2474 mem
467 2423 533 2462 crus
545 2402 637 2480 fregit.
649 2401 692 2460 Cf.
706 2403 826 2462 Sueten.
840 2400 913 2462 ibid.

418 2497 497 2576 (004)
522 2499 643 2558 Sueton.
665 2497 683 2556 l.
700 2498 733 2556 t:
749 2500 919 2558 «Hactenus
947 2510 1042 2556 tamen
1064 2499 1184 2572 imitati,
1202 2511 1235 2556 ut
1247 2500 1375 2560 carmina

379 2616 481 2674 parurn
493 2595 589 2654 adhuc
602 2595 760 2672 divulgata,
768 2595 812 2652 vel
825 2595 1029 2654 defunctorum
1040 2595 1210 2668 amicorum,
1219 2597 1265 2654 vel
1274 2599 1380 2674 siquo-¹

377 2712 440 2750 rum
457 2691 580 2749 aliorum
595 2689 779 2766 probassent,
799 2690 965 2768 diligentius
979 2703 1184 2762 retractarent,
1206 2692 1373 2772 relegendo

377 2785 660 2863 commentandoque
674 2786 762 2844 etiam
780 2787 891 2844 oaeteris
907 2799 978 2846 nota
995 2787 1157 2848 facerent.»

416 2882 497 2962 (205)
510 2883 605 2954 idern,
617 2881 686 2940 ibid.
697 2903 705 2940 :
716 2907 728 2934 a
736 2884 774 2942 Ut
785 2895 886 2960 postca
908 2884 1033 2956 Quintus
1044 2886 1238 2962 Vargunteius
1249 2887 1378 2944 Annales

377 2982 473 3054 Ennii,
497 2999 570 3058 quos
582 2979 669 3038 cartis
685 2977 788 3038 diebus
799 2981 830 3038 in
840 2999 944 3058 magna
959 2980 1121 3058 frequentia
1133 2981 1373 3059 pronuntiabat.»

377 3076 434 3138 Ubi
448 3075 570 3136 Casaub.
582 3098 592 3132 ι
606 3075 770 3138 «Recitatis
787 3075 848 3134 haec
858 3077 1015 3137 Annalium
1025 3078 1056 3134 in
1068 3097 1176 3138 corona
1188 3079 1377 3136 circumstan-

378 3175 451 3234 tium
462 3193 572 3232 morem
585 3192 745 3250 graecorum
767 3172 990 3250 Rhapsodorum
1011 3174 1042 3230 in
1062 3160 1222 3234 Homericis
1243 3172 1373 3234 versibus

377 3271 604 3350 pronuntiandis
622 3270 778 3330 referebat.
801 3272 899 3342 Quare
914 3285 946 3330 ut
961 3273 1043 3331 fuere
1065 3273 1095 3328 in
1109 3272 1231 3346 Graecia,
1248 3273 1298 3349 qui
1311 3275 1373 3334 tto-

377 3369 493 3426 meridae
506 3365 687 3438 dicebantur;
702 3369 743 3426 sic
759 3369 790 3428 in
802 3369 894 3439 Italia,
913 3369 964 3445 qui
975 3368 1130 3429 Enniastae.
1141 3396 1153 3420 »

417 3463 499 3542 (aod)
510 3465 658 3542 Soringar.
671 3465 744 3524 ttist.
755 3463 1010 3524 Critic.Scholiast.
1020 3470 1082 3524 Lat.
1091 3478 1110 3522 t.
1122 3467 1144 3536 1,
1153 3486 1181 3542 p.
1195 3465 1247 3522 58:
1260 3465 1372 3524 «loter-

377 3575 474 3640 pretes
483 3562 544 3635 illi,
568 3563 623 3620 etsi
644 3562 745 3640 negari
759 3582 821 3620 000
837 3574 925 3640 queat
943 3563 1021 3638 ipsos
1039 3563 1070 3620 in
1084 3563 1206 3621 istorum
1219 3572 1373 3640 poetarum

375 3661 488 3738 scriptis
505 3659 734 3737 interpretandis
748 3659 882 3718 nonnihil
896 3679 995 3736 operar
1009 3660 1182 3730 collocasse,
1193 3678 1233 3719 ao
1243 3660 1371 3720 carmina

375 3778 439 3835 qua
465 3758 606 3835 legerint,
642 3757 758 3835 scriptis
789 3756 1005 3817 commentariis.
1030 3756 1214 3838 interpretati
1245 3757 1370 3828 fuerint,

374 3867 558 3933 summopere
565 3854 654 3914 dubia
662 3875 715 3914 res.
725 3853 868 3932 Equidem
882 3853 1053 3915 crediderim
1062 3853 1116 3912 hos
1123 3854 1296 3932 interpretes
1306 3874 1373 3912 ana·

374 3966 540 4030 gonstaram
555 3953 645 4032 magis
658 3972 744 4029 quun
759 3951 1013 4028 grammaticorum
1026 3971 1145 4010 munere
1156 3952 1271 4012 furrctos
1281 3971 1350 4011 esse.
1358 3978 1369 4002 »

415 4049 497 4128 (²⁰7)
509 4051 629 4108 Sueton.
644 4050 664 4106 l.
679 4050 708 4118 l.‚
718 4050 771 4107 lV:
786 4048 975 4126 «Appellatio
1001 4051 1257 4126 gratnmaticorum
1276 4069 1370 4127 graeca

374 4149 584 4208 consuetudine
599 4145 742 4216 invaluit3
766 4146 815 4206 sed
834 4146 917 4206 initio
934 4149 1050 4206 litterati
1064 4147 1251 4208 vocabanttu.
1263 4171 1274 4196 »
