3198 5288
396 577 524 635 XXXVI

395 722 508 793 sicula
533 719 666 793 familia
702 720 922 817 reperimus,
947 717 1157 794 brevissime
1186 723 1316 820 loquar
1342 725 1386 796 de

392 842 597 933 Protagora,
615 833 771 906 Prodico
785 848 820 905 et
837 835 978 932 Hippia.
1000 840 1075 906 Hos
1089 837 1187 908 enim
1204 839 1302 910 'solos
1324 867 1386 911 no·

392 955 524 1040 vimus,
551 973 770 1047 quamquam
797 948 859 1019 alii
882 962 967 1019 ante
991 953 1224 1047 Protagoram
1247 958 1386 1026 exstite-

391 1063 580 1162 runt(25).

437 1187 667 1278 Protagoram,
683 1182 747 1276 qui
770 1180 1013 1276 grammaticis
1035 1179 1145 1251 rebus
1164 1187 1382 1280 praecipuam

389 1295 567 1394 impendit
583 1319 731 1392 operam
744 1293 842 1389 (οό),
857 1293 1077 1365 Rhetoricen
1103 1299 1262 1392 attigisse
1291 1297 1386 1368 vide-

388 1426 449 1481 tur
461 1409 555 1507 (27):
572 1423 749 1506 praecepta
766 1410 934 1506 exemplo
948 1434 1015 1480 suo
1036 1409 1276 1482 confirmavit.
1295 1417 1384 1484 Litis

386 1527 483 1595 inter
499 1549 583 1595 eum
599 1539 636 1594 et
651 1523 862 1615 Euathlum,
877 1523 923 1594 de
938 1539 1040 1622 pacta
1060 1525 1224 1596 mercede
1238 1543 1383 1613 exortae,

387 1631 871 1734 meminissesauserit'(2tt).
988 1648 994 1660 '

434 1756 683 1824 Grammaticae
720 1756 853 1850 pariter
894 1753 1032 1825 studuit
1076 1755 1248 1825 Prodicus
1271 1761 1381 1840 Ceus,

385 1871 582 1944 verborum
613 1883 828 1967 potestatem
863 1869 1093 1966 distinguens
1126 1886 1163 1941 et
1193 1879 1381 1970 proprium

427 2060 490 2138 (25)
503 2061 586 2121 Plato
598 2060 773 2130 ioMeoone,
784 2059 871 2118 Bekk.
883 2059 927 2118 ed.
949 2058 1041 2120 Lond.
1069 2061 1153 2133 1826,
1170 2073 1189 2118 t.
1210 2064 1259 2136 tv,
1278 2083 1307 2142 p.
1326 2065 1382 2124 63:

386 2157 432 2216 καὶ
443 2161 473 2215 οὖ
486 2153 563 2234 μόνον
578 2153 778 2238 Πρωταγόρας,
802 2152 929 2214 ἀλλὰκαὶ
943 2153 1019 2214 ἄλλοι
1031 2155 1201 2234 πάμπολλοι·
1216 2157 1301 2237 οἱμὲν
1315 2158 1382 2240 πρό-

387 2277 456 2335 τεροι
473 2251 605 2334 γεγονότες
618 2251 728 2326 ἐκείνου,
740 2254 766 2311 οἱ
777 2249 806 2310 δὲ
817 2251 862 2311 καὶ
873 2257 918 2311 νῦν
930 2251 1011 2319 ὄντες.

426 2352 488 2431 (26)
502 2351 620 2411 Aristot.
633 2349 717 2409 Rhet.
730 2349 789 2423 tlt,
805 2350 822 2407 5
834 2347 994 2431 ετέταρτον,
1008 2352 1044 2417 ὣς
1060 2349 1257 2433 Πρωταγόρας,
1272 2352 1307 2413 τδι
1317 2352 1381 2432 γένη

387 2446 586 2526 τῶνόνομότυιν
597 2445 691 2530 διῄρει,
706 2445 813 2528 ἄρρενα,
825 2445 870 2505 καλ
881 2445 972 2520 θήλεα,
993 2447 1038 2506 καὶ
1059 2445 1151 2520 σκεύη·
1173 2449 1212 2508 δεῖ
1221 2448 1273 2532 γὰρ
1288 2452 1381 2510 ἀποδι-

385 2546 459 2606 δόναι
469 2546 515 2605 καὶ
534 2551 618 2604 ταῦτα
627 2547 722 2626 ὀρθῶς·
739 2549 757 2616 ἡ
770 2544 793 2603 δ’
806 2545 918 2604 ἐλθοῦσα
930 2544 976 2604 καὶ
989 2546 1154 2625 διαλεχθεῖσα
1172 2545 1265 2628 ᾤχετο.

426 2646 488 2721 (²7)
503 2643 637 2716 Quinctil.
650 2644 699 2714 ΙΙΙ,
713 2663 726 2700 1
740 2655 769 2700 ct
782 2652 808 2710 t..
820 2643 862 2700 Cf.
878 2642 1021 2722 Spengel„
1036 2644 1055 2703 Ι.
1069 2644 1088 2702 Ι.
1099 2646 1241 2722 μου-46.

305 2749 307 2756 “
424 2740 485 2818 (28)
499 2741 591 2812 Quam
598 2739 807 2815 elegantissime
818 2753 916 2797 narrat
924 2740 987 2798 tut.
995 2741 1111 2815 Gettv,
1128 2761 1161 2798 ιο
1171 2743 1282 2812 docum
1292 2743 1381 2801 liben-

387 2851 431 2895 ter
442 2836 701 2915 trunscripsissem,
722 2835 777 2893 nisi
792 2849 867 2894 esset
880 2837 967 2915 paulo
981 2837 1104 2914 longior.
1120 2839 1162 2897 Cf.
1177 2841 1260 2919 Apul.
1272 2840 1302 2899 iu
1314 2841 1380 2900 Flo-

385 2935 441 2996 rid.
454 2935 504 3008 lV,
520 2935 573 3005 183
587 2954 616 3011 p.
628 2934 677 3007 87,
695 2932 892 3011 ed.0udend.‚
905 2944 935 2992 et
949 2935 1031 3012 Diog.
1045 2935 1139 2994 Laert.
1154 2937 1208 3010 IX,
1226 2938 1273 2996 56.
1285 2939 1380 2997 Unum

386 3030 537 3110 subjiciam
557 3030 656 3108 minus·
677 3027 813 3098 obvium,
842 3049 879 3087 ex
900 3028 993 3090 Schol.
1020 3031 1051 3088 in
1070 3033 1206 3110 Hermog.
1226 3033 1263 3092 de
1289 3034 1380 3092 Stati-

387 3129 458 3200 bus,
478 3127 531 3187 ΙΙΙι.
554 3146 596 3204 gr.
619 3127 708 3186 Walz.
730 3138 750 3184 t.
770 3128 826 3198 lv,
851 3146 880 3205 p.
903 3147 974 3205 179,
1000 3126 1051 3186 uhi
1074 3128 1145 3188 cod.
1167 3131 1257 3188 Vsu:
1278 3119 1345 3189 οἶδεν
1366 3134 1381 3187 ὁ

385 3222 580 3306 τεχνογράφος,
606 3224 642 3289 ὥς
671 3219 779 3294 ἡκατθ
810 3220 903 3305 μικρόν
934 3225 987 3283 τῶν
1017 3224 1188 3285 συνεστώτων
1218 3224 1380 3310 παράλλαξις

386 3319 499 3388 πολλοὺς
510 3319 685 3403 ἀπεργάζεται
704 3322 756 3379 τῶν
769 3318 845 3399 ἔγγθς
862 3321 1017 3381 ἅσυστάτων
1028 3321 1153 3404 τρόπους·
1174 3322 1239 3383 ἔνιοι
1250 3329 1312 3401 γοῦν
1326 3329 1379 3386 τῶν

387 3417 446 3496 μετ’
466 3414 559 3492 αὐτόν,
578 3405 615 3475 ὧν
636 3418 706 3476 ἐστιν
727 3414 865 3498 Εὐαγόρας
889 3439 918 3474 τε
939 3415 985 3475 καὶ
1004 3416 1136 3495 Ἀκύλας,
1154 3418 1200 3478 καλ
1222 3418 1302 3500 μέχρι
1325 3419 1380 3478 δάι-

386 3517 451 3575 δεκα
475 3512 580 3598 τρόποιν
613 3511 647 3574 τόι
672 3511 809 3572 άσόστατα
836 3512 1019 3596 προήνεγκαν,
1048 3512 1180 3597 τέσσαρας
1212 3515 1307 3583 ἄλλους
1326 3527 1381 3585 τοῖς

384 3611 458 3695 παρὰ
483 3610 660 3694 Ἑρμογένους
682 3609 833 3692 ,εἰρημόνοις
854 3609 1093 3693 τρωθέντες
1120 3610 1175 3672 Τόν
1211 3609 1308 3693 ἄπορον
1351 3616 1378 3674 ἐν

384 3707 542 3792 κατηγορία,
559 3705 588 3768 δν
609 3707 656 3766 καὶ
673 3705 879 3788 Κροκοδειλότην
901 3708 926 3765 οἱ
944 3705 1061 3768 Στωϊκοί
1080 3729 1168 3788 ρασιν·
1185 3699 1239 3768 οἶον
1260 3707 1379 3776 Εὔαθλος

384 3805 506 3866 συνέθετο
535 3801 703 3888 Πρωταγόρᾳ
721 3804 760 3882 τῷ
784 3805 896 3884 σοφιστῇ
916 3799 1008 3862 δώσειν
1023 3802 1134 3880 μισθὸν,
1156 3806 1179 3862 εἷ
1206 3803 1256 3877 τλν
1270 3805 1378 3887 πρόιτην

385 3903 461 3976 δίκην
476 3901 561 3980 λέγων
582 3900 728 3972 νικήσειεν·
755 3897 846 3976 μαθὼν
869 3896 897 3956 δὲ
909 3942 918 3971 ,
930 3897 968 3976 μὴ
990 3897 1147 3979 βουλόμενος
1159 3900 1257 3979 λέγειν,
1270 3902 1321 3962 tat
1331 3908 1378 3963 τοῦ

385 3997 565 4081 Πρωταγόρου
576 3995 621 4056 τόν
633 3994 726 4074 μισθὸν
734 3997 894 4054 ἀπαιτεῖται·
905 3992 956 4053 όδΙ
964 3993 1102 4074 ἀντιλέγει·
1114 3996 1166 4058 εἴτε
1176 3995 1228 4080 γὰρ
1237 3997 1376 4073 νικήσειεν,

383 4100 413 4157 οὔ
434 4095 533 4162 δίκαιος
555 4096 643 4153 δοῦναι
665 4089 735 4151 κατδι
757 4090 806 4164 τὴν
830 4089 966 4165 σύνταξιν,
989 4090 1041 4151 εἴτε
1056 4095 1165 4168 κληθείη
1183 4099 1218 4164 ὥς
1232 4095 1315 4175 μήπω
1325 4119 1377 4174 μον

384 4193 446 4267 θὼν,
466 4195 513 4252 οὖα
528 4191 597 4262 ἄξιος
615 4191 791 4248 ἀπαιτεῖσθαι.
804 4190 847 4248 Cf.
866 4189 955 4262 (ieci,
966 4189 984 4246 l.
1000 4189 1029 4266 Ι.,
1045 4211 1073 4266 p.
1088 4193 1188 4250 82-83.
