3174 5284
472 509 521 576 IN
547 509 867 580 PHlLllDEMUM.
1101 507 1170 605 159

218 673 252 731 V.
268 689 370 730 ιιι-αα.
388 668 583 753 Ἀριστοτελην.
596 713 623 730 ..
645 673 786 733 Nimirum
802 673 1001 747 Aristotelem,
1011 657 1170 752 sophistam

180 771 304 830 eSicilia
323 768 490 841 oriundum,
509 769 589 847 lliog.
605 770 699 828 Laert.
711 772 746 843 V,
758 773 815 841 353
837 791 921 849 quom
938 771 1090 850 profecto,
1113 793 1172 830 non

177 869 354 946 Stagiritam,
370 866 480 924 invidia
492 866 626 943 flagrasse
641 869 669 924 in
682 869 835 926 Isocratem
852 881 949 927 censet
960 867 1064 945 Coray.
1073 869 1172 928 Prole·

181 983 256 1041 gom.
271 965 360 1022 lsocr.
381 977 401 1021 t.
420 964 449 1032 l,
482 983 512 1041 p.
533 965 581 1035 68,
602 963 653 1022 uhi
675 985 737 1022 rem
756 965 902 1045 explicat,
926 965 1069 1043 simulque
1088 965 1173 1024 docet

180 1079 280 1118 causas
292 1059 444 1136 zelotypiae
454 1059 617 1118 Siculorum
632 1061 827 1139 sophistarum
839 1060 976 1120 adversus
984 1061 1173 1121 Athenienses

182 1157 322 1228 rhetores,
337 1157 492 1215 vernaculo
507 1175 641 1216 sermone
661 1176 748 1216 usus:
766 1156 884 1230 Τοιαύτη
898 1155 1079 1241 μικροπρεπὴς
1090 1155 1173 1241 ἔχθρα

182 1241 244 1323 ἦτον
265 1249 356 1320 ἀναξία
383 1256 429 1310 τοῦ
448 1250 610 1334 φιλοσόφου,
637 1251 703 1334 πρὸς
716 1243 760 1311 τόν
776 1252 930 1335 Ἰσοκράτην
957 1253 1093 1331 μάλιστα,
1112 1253 1174 1336 περὶ

182 1353 228 1408 τοῦ
239 1347 329 1408 testeo
344 1345 385 1407 ὅτι
395 1337 452 1428 εἶχε
462 1346 547 1420 καλὴν
560 1346 691 1430 ὑπόληψιν
702 1347 823 1431 φαίνεται
832 1349 885 1410 ἀπὸ
898 1347 946 1416 τὰς
958 1348 1058 1430 συχνὰς
1075 1373 1175 1433 μαρτυ-

184 1443 249 1525 ρίας,
261 1441 309 1512 τὰς
320 1442 412 1510 ὁποίας
423 1441 495 1525 φέρει
507 1443 555 1503 ἀπ’
569 1441 646 1504 αὐτόν
661 1447 698 1512 εἷς
708 1443 756 1518 την
773 1444 912 1527 ῥητορικήν
927 1443 1174 1520 του.Ἐξαναντίας,

184 1543 219 1607 εἷς
232 1540 277 1600 τὸν
292 1538 457 1612 Σικελιώτην
470 1540 652 1622 Ἀριστοτέλην
673 1531 740 1602 εἶναι
759 1540 846 1602 πολλὰ
862 1542 969 1615 πιθανή.
990 1538 1094 1621 Ἰδομεν
1107 1545 1175 1603 ἀνοι-

182 1637 251 1720 ’τέρω
265 1636 305 1696 ότι
319 1640 343 1697 οἱ
359 1639 517 1699 Σικελιῶται
532 1637 638 1721 ῥήτορες
659 1637 822 1722 έφερανῆὴν
839 1639 979 1722 ῥητορικὴν
994 1642 1031 1708 εἶς
1042 1638 1090 1707 rt<
1100 1640 1175 1714 Ἀθή-

183 1757 238 1800 νας·
259 1735 318 1794 ἀλλ’
329 1737 353 1793 ol
377 1735 507 1807 Ἀθηναῖοι
519 1734 568 1808 την
585 1733 716 1796 εύόδοισαν
733 1739 769 1806 εἰς
788 1736 836 1808 τὴν
853 1735 979 1810 ἀληθινὴν
995 1739 1076 1810 αὐτῆς
1087 1735 1176 1815 ιἰκμὴν

184 1831 230 1891 καί
243 1831 406 1907 τελειότητα,
418 1831 464 1892 καὶ
476 1837 493 1904 ἡ
510 1832 619 1906 τοιαύτη
630 1832 752 1916 aporema-l
763 1833 824 1901 τοὺς
834 1833 924 1916 ἔφερεν
935 1839 972 1901 εἰς
982 1833 1176 1917 καταφρόνησιν

185 1929 314 1991 τῶνίδίιον
331 1927 596 1991 διδασκοῦαιν.’0οεν
610 1934 635 1990 οἱ
649 1932 810 1994 Σικελιῶται
820 1930 926 2014 ῥήτορες
943 1929 1097 2014 ἢοοφισταλ
1113 1931 1176 2010 ἐμί-

186 2048 247 2084 σουν
263 2023 324 2093 τοὺς
340 2023 470 2092 Ἀττικούς
483 2024 604 2108 ρήτορας,
625 2029 660 2094 ὡς
675 2025 851 2110 ἀχαρίστους,
871 2024 936 2105 apt
956 2031 1004 2099 τῆς
1023 2026 1178 2110 ἀχαριστίας

186 2119 233 2193 τὴν
247 2120 378 2204 πρόφασιν
398 2120 556 2194 ἐσπούδαζον
575 2121 608 2182 ult
627 2124 778 2184 σκευάσωσι
794 2123 842 2198 την
867 2123 995 2204 αἰσχύνην
1011 2128 1057 2184 τοῦ
1071 2123 1105 2184 νίι
1117 2123 1177 2190 τούς

187 2221 313 2300 φθονῶσιν
326 2221 362 2287 ὡς
381 2219 551 2301 σοφωτέρους.

226 2317 258 2375 V.
272 2318 320 2374 23.
351 2315 422 2398 Πρὸς
441 2315 666 2395 Ἀναξιμένην...
688 2319 789 2378 Nullus
804 2317 907 2376 dubito
924 2319 995 2398 quin
1011 2321 1114 2378 Noster
1132 2320 1177 2378 iu-

188 2427 258 2472 nuat
280 2415 489 2474 Anaximenem
512 2415 758 2494 Lampsacenum,
784 2435 871 2492 quem
896 2416 1053 2492 sophistam
1079 2416 1178 2488 fuisse,

189 2512 441 2589 sophistarumque
464 2513 612 2571 orationes
626 2512 775 2571 affectasse
794 2512 882 2572 tradit
896 2511 1021 2586 Pausap.
1037 2515 1096 2591 Vl,
1124 2517 1178 2572 18:

190 2604 335 2690 Ἐπεφύκει
356 2603 404 2686 μέν
427 2605 503 2676 αὐτὸς
527 2607 685 2687 (subintell.
700 2607 878 2687 Ἀναξιμένης)
897 2605 1042 2690 σοφιστὴς,
1066 2608 1112 2668 καί
1132 2632 1178 2670 συ-

190 2706 289 2786 φιοτῶν
309 2701 402 2782 λόγους
426 2708 562 2781 μιμεῖσθαι
571 2705 589 2778 ,’
602 2707 661 2764 κτλ.
683 2705 765 2776 Quid‘
783 2704 950 2776 mirum,'si
972 2705 1180 2774 Anaximenes,

191 2802 236 2860 vel
249 2802 321 2860 alius
340 2802 485 2880 quispiam
502 2803 632 2881 sophista
644 2802 757 2875 Dianae,
770 2815 820 2860 aut
838 2803 975 2860 lllincrvae
986 2804 1181 2862 laudationem

191 2899 406 2977 composuerit?
417 2898 557 2956 Eumdem
573 2899 738 2958 Rhetorica
751 2899 980 2976 patrocinantem
994 2899 1106 2957 inducit
1115 2901 1180 2964 Phi·

191 2995 321 3055 lodemus
331 2997 361 3053 in
374 2996 518 3054 llhetorlc.
536 2998 658 3075 Neapoli
672 2997 757 3070 edita,
771 3017 837 3054 ann.
854 2998 938 3068 1832,
947 2997 1003 3053 col.
1014 2997 1051 3068 ll,
1064 3017 1093 3053 v.
1113 2992 1181 3055 r—tl:

196 3091 287 3165 Φησὶν
303 3096 317 3150 ὁ
331 3090 509 3170 Ἀναξιμένης,
530 3094 566 3160 ὡς
579 3095 626 3151 υύκ
638 3092 669 3151 ἄν
678 3116 743 3152 ποτε
756 3091 893 3174 τρόσησαν
907 3100 960 3160 τοῖς
980 3096 1126 3174 ῥητορικοῖς
1138 3097 1183 3173 ἀρ-

192 3187 280 3271 γύριον
295 3188 423 3263 διδόντες,
434 3191 457 3258 ,εἰ
479 3186 517 3267 μὴ
528 3189 559 3248 τὸ
577 3190 738 3272 δημηγορεῖν
748 3189 794 3248 καὶ
807 3191 958 3268 δικολογεῑν,
977 3191 1012 3256 a<
1023 3189 1076 3249 ἀπὸ
1089 3189 1183 3270 τέχνης

193 3287 294 3361 αὐτῶν,
313 3285 464 3368 προεγίνετο
490 3283 613 3356 athelmo:
633 3287 773 3358 Quaedam
790 3287 821 3344 in
841 3289 893 3346 Ms.
914 3286 1131 3359 adulterantur,
1155 3307 1182 3344 v.

195 3389 1183 3573 „searreroreauuhmmueurorrroc
1287 3505 1289 3510 ·

197 3603 1186 3890 auaeru.uppurrulrhrerrerureuco

197 3921 283 4020 otc
311 3920 534 4008 τωιιεοι
556 3921 803 4000 τειιικος.

630 4101 759 4122 ...q-...-
