3198 5288
390 606 457 664 v111

384 759 559 851 *gesippus
588 753 690 849 (30),
715 755 904 825 Moenocles
928 721 1025 852 (ἐν),
1047 699 1274 855 Χθιιοιορίιοιι
1303 755 1379 852 (3ο)

392 945 471 1006 Ἀλλθ
490 944 612 1026 βιύλίον,
634 947 661 1004 ἐν
680 936 703 1028 ᾧ
722 947 813 1029 φύσεις
831 947 877 1007 καί
894 947 1054 1028 εἰσαγγελίαι
1072 947 1177 1009 ἔσονται
1187 950 1379 1032 γεγραμμέναι.

389 1039 478 1122 Ἀλλὰ,
492 1040 524 1114 νὴ
536 1041 598 1116 Δία,
611 1041 736 1115 στήσεται
758 1042 967 1128 προσευχόμενος
980 1053 1034 1113 τοῖς
1044 1047 1133 1127 Θεοῖς,
1154 1046 1279 1114 κακόνους
1294 1046 1330 1108 ὢν
1345 1054 1378 1130 τῇ
1496 1045 1499 1050 ’

389 1136 482 1214 πόλει,
505 1138 550 1198 καὶ
567 1137 601 1197 τθι
620 1133 723 1199 ἐναντία
743 1149 825 1200 πᾶσιν
847 1146 911 1218 ἡμῖν
933 1141 1088 1222 εὐχόμενος,
1113 1142 1182 1205 ἀλλὰ
1204 1153 1258 1212 τοῖς
1277 1146 1380 1227 ἐχθροῖς

392 1239 538 1318 ὑπηρετῶν.

430 1332 568 1410 Ejusdem
582 1345 666 1390 acute
681 1323 792 1391 dictum
804 1335 943 1394 adversus
959 1337 1155 1415 Speusippum
1174 1339 1244 1397 citat
1258 1340 1377 1400 Aristot.

390 1432 475 1490 Rhet.
490 1431 545 1502 111,
563 1450 615 1488 τοι
632 1428 677 1488 καλ
690 1427 721 1489 τό
734 1429 901 1490 Πολυεύκτου
915 1433 952 1499 εἷς
963 1433 1160 1506 ἀποπληκτικόν
1173 1456 1233 1494 τινα
1245 1434 1380 1498 Σπεύσιπ-

390 1551 454 1602 πον,
466 1524 497 1586 τθ
509 1532 546 1604 μη
558 1524 684 1585 δύνασθαι
694 1525 809 1609 ἡσυχίαν
820 1527 903 1608 ἄγειν,
915 1527 967 1589 ύπθ
978 1533 1028 1602 τῆς.
1043 1530 1126 1611 τύχης
1138 1533 1166 1590 ἐν
1179 1531 1379 1614 πεντεσυρίγγῳ

323 1690 327 1698 ,
390 1623 459 1706 νόσῳ
475 1621 621 1702 δεδεμένον.
643 1624 758 1684 Ruhnk.
775 1644 804 1703 p.
820 1627 939 1688 LXXXI
960 1627 1049 1686 tradit
1064 1629 1216 1706 Polyeucti
1231 1631 1379 1690 orationes

276 1806 278 1812 Ι
390 1723 508 1782 laudare
533 1722 654 1800 Diogen.
675 1721 770 1781 Laert.
795 1725 852 1796 Vl,
878 1727 925 1782 αθ.
945 1726 1078 1785 Oratoris
1096 1727 1213 1805 quidem
1231 1729 1378 1801 meminit,

366 1820 479 1894 ,ibid.;
508 1839 691 1898 nequaquam
711 1840 791 1916 νειμ
803 1823 967 1880 orationum
990 1847 997 1880 ι
1022 1824 1153 1906 βακτηρία
1171 1821 1199 1883 δέ
1222 1824 1380 1907 ἐπηρείοατο

390 1914 535 1988 ἀσθενήσας
557 1906 715 1993 (subintell.
730 1920 745 1976 θ
765 1911 920 1996 Διογένης)·
937 1917 1029 1979 ἔπειτα
1052 1919 1101 1999 μέν
1112 1943 1153 1980 τοι
1167 1919 1212 1980 καί
1227 1919 1271 1980 διὰ
1284 1921 1381 1988 παντὸς

391 2012 487 2096 ἐφόρει,
504 2010 574 2072 ἀλλίι
587 2011 646 2072 καθ’
657 2011 716 2072 ὁδόν
731 2013 798 2095 αὐτῇ
809 2037 839 2073 τε
851 2014 896 2074 καί
908 2019 943 2096 τῇ
954 2015 1037 2098 πήρη,
1054 2017 1123 2078 καθοί
1135 2040 1214 2100 φησιν
1228 2017 1380 2098 Ὀλυμπιό-

391 2111 471 2195 δωρος
487 2113 501 2169 θ
514 2107 657 2181 Ἀθηναίων
671 2109 832 2191 προστάτης,
849 2108 896 2169 καί
909 2108 1099 2180 Πολύευκτοςθ
1113 2111 1211 2195 ῥήτωρ,
1229 2113 1274 2172 καί
1285 2117 1378 2174 Anne*

389 2208 471 2274 νίαςθ
486 2201 658 2287 Αἰσχρίωνος.
673 2207 715 2265 Cf.
733 2207 846 2266 Ruhnk.
858 2228 887 2286 p.
899 2207 1160 2270 LXXX-LXXXII.

431 2301 491 2384 (ορ)
506 2302 595 2381 Cujus
621 2304 752 2362 meminit
770 2307 853 2364 Dem.
876 2306 920 2364 De
934 2305 997 2364 sals.
1013 2307 1067 2384 leg.
1087 2307 1105 2383 §
1124 2326 1238 2386 297,p.
1257 2307 1333 2377 4363
1347 2308 1378 2366 in

390 2405 504 2483 Leptin.
516 2411 532 2476 5
545 2407 610 2478 137,
623 2423 652 2482 p.
661 2405 733 2480 Ι498.

305 2511 307 2516 “
429 2503 492 2580 (30)
507 2501 620 2561 Rulmk.
636 2521 665 2580 p.
678 2502 968 2564 LXXVIII-LXXIX.
985 2505 1142 2584 Hegesippi
1156 2503 1229 2564 salse
1246 2505 1323 2565 dieta
1336 2527 1381 2565 re-

390 2601 444 2656 sert
459 2599 603 2657 Plutarch.
615 2599 804 2676 Apophtheg.
816 2619 846 2676 p.
861 2599 936 2674 225,
950 2600 996 2659 ed.
1009 2602 1110 2685 Didot.
1121 2623 1128 2659 ε
1139 2599 1320 2682 Ἡγησίππου,
1332 2609 1380 2663 τοῦ

389 2693 537 2776 Κρωύύλου
547 2693 816 2776 προσαγορευομένου,
831 2694 1020 2777 παροξύνοντος
1035 2698 1095 2767 τοὺς
1111 2699 1261 2772 Ἀθηναίους
1272 2700 1317 2760 ἐπὶ
1331 2701 1381 2761 Φί-

387 2795 495 2860 λιππον,
509 2790 665 2874 ύπερύινησέ
674 2816 714 2860 τις
725 2795 757 2852 ἐκ
768 2797 815 2865 τῆς
827 2793 983 2869 ἐκκλησίας,
998 2793 1121 2874 Πόλεμον
1135 2799 1228 2878 εἰσηγῇ
1239 2823 1247 2872 ;
1261 2799 1324 2871 Ναί,
1340 2795 1379 2875 μθ

389 2889 455 2963 Δία,
472 2878 528 2948 εἶπε
537 2931 546 2958 ,
569 2889 614 2950 καί
630 2888 733 2969 μέλανα
750 2891 865 2970 ἱμάτια,
882 2890 927 2950 καί
948 2891 1077 2972 δημρσίας
1087 2892 1214 2975 ἐκφορὰς,
1230 2895 1276 2953 καὶ
1288 2892 1379 2972 λόγους

389 2985 558 3068 ἐπιταφίους,
580 2989 603 3046 εί
626 2985 759 3066 μέλλομεν
776 2986 905 3066 ἐλεύθεροι
926 2986 1086 3068 βιώσεσθαι,
1103 2988 1149 3048 καὶ
1165 2988 1202 3068 μὴ
1216 2989 1335 3062 ποιήσειν
1347 2989 1378 3048 τὸ

388 3083 620 3167 προσταττόμενον
635 3084 783 3146 Μακεδόσι.
797 3089 832 3146 In
855 3089 955 3158 Dem.,
970 3088 1068 3148 XVII:
1091 3084 1135 3146 ὅτε
1154 3086 1201 3146 καί
1226 3109 1291 3170 φησι
1307 3085 1378 3148 Θεό-

342 3239 345 3251 ,
389 3204 516 3263 ρραστος,
538 3179 678 3264 ᾀξιούντων
700 3186 755 3242 τῶν
766 3181 915 3264 συμμόχιυν
936 3187 1073 3266 ὁρισθῆναι
1086 3181 1133 3251 τθις
1147 3181 1282 3266 είσρορθις,
1296 3185 1378 3243 εἰπεῖν

389 3277 533 3360 Κρωύύλον
548 3277 592 3338 τὸν
608 3277 781 3359 δημαγωγὸν,
801 3283 837 3347 ὡς
852 3283 881 3339 οὐ
891 3279 1041 3358 τεταγμένα
1057 3288 1169 3340 σιτεῖται
1181 3280 1312 3359 πόλεμος,
1327 3279 1380 3339 uhi

388 3377 471 3455 quasi
492 3378 652 3454 legitimum
670 3376 762 3436 teneri
778 3377 860 3436 vides
878 3375 1025 3458 Κρουὸύλου
1047 3397 1230 3454 cognomen,
1256 3379 1325 3436 huic
1340 3379 1379 3436 ab

388 3474 525 3536 AEschine
539 3475 666 3534 inditum
680 3495 734 3554 per
746 3475 914 3533 ludibrium.
1069 3509 1071 3514 ·

428 3572 456 3650 (3
465 3573 488 3651 ι)
501 3572 615 3630 Ruhnk.
630 3565 662 3650 p
678 3573 803 3633 LXXIX.
824 3571 992 3630 Moeroclem
1004 3571 1074 3630 citat
1087 3573 1208 3631 Aris-tot.
1220 3572 1304 3631 Rhet.
1326 3573 1377 3644 111,

295 3653 296 3656 Ἴ
391 3691 426 3726 10
439 3692 447 3728 ε
462 3667 508 3728 καί
519 3669 669 3751 Μοιροκλῆς
679 3668 751 3727 οὐδὲν
765 3667 816 3748 ἔφη
826 3664 1000 3749 πονηρότερος
1010 3656 1093 3742 εἶναι,
1110 3665 1243 3745 ὀνομάσας
1255 3665 1378 3727 τινὰτῶν

388 3768 518 3824 ἐπιεικῶν·
526 3766 624 3824 ἐκεῖνον
630 3761 678 3842 μὲν
692 3762 743 3844 γὰρ
757 3763 899 3844 ἐπίτρίτων
911 3761 995 3822 τόκων
1005 3762 1288 3845 πονηρεύεσθαι,αύτθν
1298 3763 1379 3824 δὲέπί

388 3862 514 3924 δεκότων.
525 3865 618 3935 Quem
631 3864 727 3921 locum
740 3863 877 3940 insignite
892 3862 1041 3940 corrumpi
1052 3863 1178 3921 ostendit
1192 3864 1320 3936 Salmas„
1334 3865 1378 3921 De

387 3961 476 4020 modo
488 3979 567 4018 usur.
579 3979 643 4036 cap.
659 3979 686 4030 ο,
699 3979 728 4036 p.
744 3967 778 4026 ην
794 3978 856 4036 sqq.
870 3957 915 4015 ed.
931 3959 1122 4018 Elzevirtana.
1135 3960 1200 4019 Non
1214 3961 1290 4018 enim
1303 3959 1378 4017 dice·

387 4060 458 4117 hant
470 4058 559 4118 Attici
569 4055 662 4137 τρίτον
675 4053 752 4114 τόκον
766 4068 816 4114 aut
827 4053 946 4128 δέκατον,
961 4057 1012 4115 sed
1032 4055 1163 4138 ἐπίτριτον
1175 4069 1205 4114 et
1214 4056 1376 4116 ἐπιδέκατον.

387 4157 489 4216 Nullus
508 4155 597 4231 igitur
615 4153 729 4211 dubitat
743 4153 813 4229 quin
836 4154 873 4210 sit
890 4154 1057 4230 legendum:
1075 4156 1172 4214 ἐκεῖνον
1192 4153 1302 4234 μὲνγὰρ
1314 4155 1376 4211 ἐπι·

388 4252 467 4334 τρίτῳ
478 4249 547 4332 τύκιμ
565 4247 767 4331 πονηρεύεσθαι,
783 4249 859 4310 αὐτὸν
888 4251 915 4308 δέ
938 4251 1092 4333 ἐπιδεκύτῳ.
1110 4252 1273 4324 Μωνοοίεε,
1287 4271 1379 4328 quum
1416 4281 1422 4290 ,
