3174 5284
468 587 516 656 IN
543 587 862 656 PHlLODEMUM.
1095 591 1159 660 123

167 755 324 838 Δημήτριος
346 759 361 814 ὁ
393 753 536 835 Φαληρεύς
546 775 624 837 φησι,
636 754 683 813 καὶ
693 755 718 814 ol
730 751 806 812 ἄλλοι
820 751 916 819 πάντες
936 756 959 811 οἱ
976 752 1021 812 τὸν
1037 754 1093 833 βίον
1112 757 1161 815 αὖ·

130 893 131 898 1
167 861 218 916 τοῦ
235 852 465 936 συγγράψαντες.»

587 1013 740 1037 <ome-—

488 1149 711 1218 COLUMNA
737 1151 846 1216 XVII.

209 1336 243 1393 V.
263 1356 289 1392 1.
308 1330 453 1415 Περιπόν.
466 1375 492 1389 ..
513 1334 546 1391 lu
559 1333 612 1390 Ms.
625 1375 634 1404 ‚
650 1331 803 1410 posthanc
817 1349 918 1389 vocem
931 1335 1057 1392 occurrit
1069 1335 1163 1393 littera

169 1437 204 1514 0
219 1468 339 1528 prorsus
361 1447 488 1506 inutilis:
504 1465 592 1524 quum
609 1465 625 1505 e
640 1446 770 1523 sequenti
786 1446 836 1524 οὐχ
852 1457 915 1503 orta
930 1445 1087 1522 videretur,
1101 1471 1163 1509 eam

169 1560 326 1639 suppressi.

208 1671 242 1728 V.
254 1667 496 1750 5.‘l'noxplrorre.
510 1711 516 1725 .
530 1713 536 1726 .
552 1668 616 1726 Haec
626 1667 666 1724 ita
673 1668 726 1725 llls.
742 1665 860 1725 exbibet
870 1689 877 1724 ε
888 1656 1123 1735 ΑΙἾΟΚΔΕΙ
1137 1714 1162 1729 ..

167 1763 317 1853 ΤᾹ,ὲε(1
338 1774 367 1831 in
384 1773 513 1850 margine
531 1769 703 1830 adscribitur
716 1771 824 1848 syllaba
837 1760 963 1851 NON,
985 1777 1061 1836 unde
1083 1778 1163 1836 facile

170 1884 224 1941 luit
240 1883 345 1941 elicere
358 1864 571 1943 ᾹΡΟΚΡΕΙ
580 1865 682 1942 ΝΟΝ
690 1865 884 1962 'subscripsi
896 1883 1078 1965 inexplanata,
1085 1885 1170 1962 quod·

169 1992 269 2030 sensus
291 1968 461 2048 reposcebat
480 1967 654 2045 :sepissime
673 1967 888 2028 confunduntur
910 1969 964 2029 ἀπό
987 1985 1016 2030 et
1040 1970 1099 2031 ὑπό.
1120 1973 1163 2033 cf.

170 2069 260 2127 Walz.
273 2067 413 2145 Epimetr.
426 2066 470 2123 De
481 2064 692 2142 permutatione
706 2067 951 2143 praepositionum.

206 2169 243 2224 V.
269 2165 335 2222 5-8.
359 2164 395 2222 0t
417 2160 440 2219 δ’
454 2151 750 2242 οὗν-δποκεκρίσθαι.
764 2203 790 2220 ..
819 2164 952 2240 antiquis
976 2163 1164 2241 scriptoribus

169 2265 205 2324 de
219 2263 341 2324 Actione
354 2258 539 2337 loquentibus
560 2259 726 2318 arridebant
744 2261 883 2339 imagines
897 2283 913 2320 e
933 2263 1045 2340 pictura
1058 2264 1160 2340 petita.
1257 2261 1259 2268 ’

169 2360 306 2434 Quinctil.
330 2359 385 2429 Xl,
400 2359 461 2415 32«
473 2358 533 2417 Nec
548 2357 670 2427 mirum,
686 2358 709 2414 si
723 2357 792 2431 ista,
813 2377 875 2434 quae
895 2371 990 2416 tamen
1013 2360 1044 2417 in
1066 2360 1170 2436 aliquo·

168 2457 264 2535 posita
278 2466 346 2515 suut
360 2465 455 2526 motu,
479 2464 591 2511 tantum
616 2453 646 2510 in
671 2453 772 2511 animis
793 2454 904 2523 valent;
929 2474 1018 2531 quum
1036 2455 1163 2533 pictura,

170 2568 266 2613 tacens
280 2571 354 2631 opus
367 2563 397 2610 et
406 2548 521 2608 habitus
533 2568 647 2626 semper
660 2547 805 2625 ejusdem,
828 2551 868 2607 sic
889 2551 918 2607 in
938 2551 1054 2610 intimos
1077 2572 1164 2629 pene-

171 2663 227 2709 tret
254 2647 388 2721 affectus,
410 2659 443 2705 ut
462 2648 554 2725 ipsam
578 2645 638 2703 vim
660 2645 774 2704 dicendi
797 2665 1004 2725 nonnunquam
1029 2669 1164 2728 superare

172 2747 312 2806 videatur.
327 2773 339 2797 a
383 2775 385 2780 v
1071 2733 1078 2752 ²

212 2844 245 2901 V.
267 2863 311 2900 ra.
339 2840 407 2920 Περὶ
420 2841 487 2898 τῶν.
500 2883 507 2894 .
521 2885 527 2897 .
547 2837 699 2899 Subiutell.
713 2839 850 2921 περιόδωνί

211 2941 245 2997 V.
263 2940 308 2998 13.
321 2935 491 3018 Ἱερώνυμος.
504 2977 531 2992 ..
553 2936 597 2993 De
618 2956 677 3013 quo
695 2935 763 2995 vide
777 2939 896 2996 Dissert.
920 2941 1031 3016 lsagog.
1052 2959 1080 3016 p.
1098 2941 1163 2998 Lv-

174 3038 244 3096 tvr.
260 3036 319 3096 cte.
338 3035 418 3093 orat.
441 3033 525 3091 Lu:
543 3032 664 3110 «nega
688 3054 724 3091 ex
742 3034 838 3093 mutus
859 3036 992 3094 isocratis
1011 3017 1091 3093 nala
1112 3037 1165 3092 tn-

174 3133 252 3210 ginta
264 3131 385 3190 sortasse
396 3149 497 3188 versus
508 3129 717 3206 Hieronymus,
739 3132 943 3211 peripateticus
954 3133 984 3189 in
998 3133 1098 3208 primis
1113 3152 1165 3189 no-

173 3230 253 3302 bilis,
266 3230 420 3309 plerosque
433 3228 571 3300 senarios,
586 3227 734 3285 sedetiam
747 3241 905 3306 anapaesta;
917 3249 976 3306 quo
990 3229 1058 3306 quid
1071 3242 1166 3306 potest

174 3347 233 3386 esse
256 3327 394 3404 turpius?
407 3325 471 3385 Etsi
491 3325 520 3382 in
534 3324 667 3402 eligendo
688 3324 755 3383 fecit
774 3326 914 3384 malitiose
935 3349 942 3384 :
967 3327 1062 3404 prima
1086 3327 1163 3384 enim

174 3422 280 3500 syllaba
301 3423 418 3500 dempta
442 3423 472 3479 in
495 3421 589 3498 primo
615 3420 713 3489 verbo,
735 3423 896 3494 sententiae,
921 3435 1098 3500 postremum
1129 3425 1165 3482 ad

174 3518 294 3576 verbum
308 3519 430 3597 primam
448 3536 547 3580 rursus
563 3515 700 3591 syllabam
722 3515 854 3593 adjunxit
868 3519 1044 3594 insequentis
1052 3562 1159 3578 ......

173 3615 229 3674 Sed
246 3628 341 3673 tamen
362 3615 409 3672 hic
425 3626 589 3684 corrector,
606 3614 685 3670 ineo
708 3615 771 3692 ipso
795 3616 874 3688 loco,
897 3636 955 3692 quo
982 3617 1168 3694 reprehendit

175 3713 217 3790 (ut
228 3733 245 3770 a
255 3733 302 3771 me
316 3711 546 3770 animadversum
563 3722 606 3774 est
616 3711 743 3770 studiose
754 3712 918 3789 inquirente
932 3715 961 3770 in
973 3712 1051 3791 eum)
1063 3715 1167 3772 emittit

173 3807 339 3886 imprudens
354 3808 415 3884 ipse
438 3807 616 3864 senarium.»
635 3807 752 3882 Dionys.
777 3797 888 3880 flatic.,'
906 3811 956 3886 qui
976 3811 1111 3868 Nostrum
1130 3827 1166 3864 ne

174 3905 350 3962 nominatum
371 3903 487 3980 quidem
510 3903 661 3980 compilat,
682 3904 782 3961 eadem
796 3906 898 3972 tradit,
921 3908 950 3964 in
974 3907 1059 3964 lsoor.
1077 3905 1185 3961 xttt:·

174 3997 326 4082 Ἱερώνυμος
340 3999 394 4058 did
412 3998 550 4081 φιλόσοφός
565 4022 643 4080 φησιν
660 4003 809 4077 ἀναγνῶναι
829 4001 876 4078 μὲν
898 4002 927 4060 ἄν
946 4025 1005 4059 τινα
1021 4001 1164 4070 δυνηθῆναι

175 4096 232 4163 τοὺς
242 4095 335 4174 λόγους
348 4100 427 4156 αὐτοῦ
442 4098 538 4169 καλῶς,
557 4097 615 4176 κτλ.
685 4103 688 4112 “

213 4201 247 4252 V.
265 4197 367 4270 18-19.
380 4193 556 4274 Ἔπαίροντα.
571 4237 597 4252 ..
617 4195 733 4270 lliouys.
748 4197 835 4254 llalic.
851 4197 868 4253 l.
886 4198 902 4252 l.
920 4219 924 4252 :
941 4192 1085 4272 inciperunt.
