3194 5286
410 517 550 574 uxxxlt

411 663 647 738 confirmatur
662 663 880 734 testimoniis
901 661 1012 758 (ιρι).
1029 661 1113 753 Ejus
1136 661 1230 734 inter
1249 660 1409 760 discipu-

411 779 464 850 los
500 778 748 850 inclaruerunt
775 791 858 848 aute
891 775 980 846 alios
1020 774 1252 846 Metrodorus
1282 778 1409 875 (ιφ),

410 894 612 978 Dialecticis
637 890 801 964 infensus
825 890 945 986 (193),
968 906 1004 962 et
1027 891 1270 964 Hermarchus
1289 894 1407 990 (194).

408 1010 474 1078 Hic
515 1011 675 1102 primum
708 1020 899 1076 vacaverat
936 1004 1153 1100 eloquentiae
1189 1004 1318 1104 (195),
1347 1012 1406 1082 cui

407 1167 468 1242 ipse
482 1163 610 1236 dimittit,
621 1163 673 1240 qui
688 1165 788 1240 lugere
800 1181 917 1220 omnem
926 1161 1110 1240 disciplinam
1123 1163 1309 1240 navigatione
1318 1183 1406 1242 quam

407 1261 588 1326 velocissima
610 1259 704 1336 jubet.
718 1259 783 1318 »Ch
805 1259 864 1318 Cic.
876 1259 957 1318 Brut.
970 1260 1083 1322 XXXV.

448 1357 529 1438 (ιρι)
548 1357 733 1434 Ιλιογλατια
754 1357 772 1412 l.
788 1356 819 1427 1.,
841 1355 886 1413 13.
897 1357 973 1416 Mox.
987 1355 1108 1416 Planud.
1121 1355 1217 1414 Schol.
1231 1358 1261 1414 in
1268 1360 1405 1438 Hermog.

409 1459 452 1515 De
466 1453 586 1526 Formis,
599 1455 609 1512 l
622 1477 628 1510 :
650 1457 663 1511 ὅ
677 1451 705 1512 δέ
716 1477 746 1532 γε
759 1452 916 1534 Ἐπίκουρος
928 1454 955 1510 ἐν
967 1455 1004 1534 τῷ
1015 1452 1075 1534 περὶ
1094 1455 1233 1533 ῥητορικῆς
1244 1455 1404 1514 αὐθαδέστε-

406 1575 464 1633 ρον,
485 1541 574 1629 οἶμαι,
595 1547 680 1627 λέγων
700 1547 778 1628 φησὶν
800 1547 877 1613 αὐτὸς
896 1545 974 1626 μόνος
991 1548 1130 1628 εὑρηκέναι
1145 1547 1242 1628 τέχνην
1260 1551 1403 1610 πολιτικῶν

403 1645 497 1726 λόγων·
511 1645 572 1712 aoht
586 1643 613 1704 δὲ
627 1643 721 1710 ἄλλους
745 1643 831 1724 (ted.
849 1645 928 1704 Mon.
943 1645 1028 1716 Vlll,
1046 1644 1171 1723 ἀλόγους)
1185 1645 1402 1727 ἀποοκορακίζων

402 1745 493 1823 (ldem
514 1744 601 1815 (hd,
618 1739 922 1823 άποσκληροοαρκίζων)
945 1740 1056 1823 ῥήτορας
1078 1744 1164 1824 ἐαυτῷ
1183 1765 1240 1809 πως
1259 1741 1402 1824 ’μαχόμενα

401 1842 480 1920 λέγει·
495 1841 572 1924 γόοις
583 1840 634 1922 γάρ
648 1841 748 1910 ίοτινή
767 1843 932 1921 κατορθοῦσα
948 1838 1050 1918 λόγους,
1064 1838 1147 1920 τίχνη
1161 1838 1190 1898 δὲ
1206 1840 1332 1919 οὐδεμία,
1346 1843 1400 1902 lth.

401 1962 442 2018 gr.
459 1941 550 1998 Walz.
566 1952 585 1996 t.
599 1939 632 2010 V,
646 1959 673 2016 p.
687 1946 853 2008 tto-441.

441 2039 451 2118 (
457 2035 523 2114 192)
542 2037 767 2114 Lampsacenum
783 2034 870 2092 luisse
881 2047 977 2094 narrat
989 2033 1082 2094 Strab.
1102 2036 1188 2096 Xlll:
1201 2037 1232 2096 ἐκ
1247 2036 1400 2119 Λαμψάκου

401 2133 428 2192 δὲ
439 2133 536 2216 Χάρων
551 2136 607 2190 red
622 2128 785 2214 συγγραφεὺς
787 2173 835 2190 .....
858 2130 904 2189 καὶ
923 2129 1115 2214 Μητρόδωρος,
1137 2137 1152 2192 ό
1173 2137 1219 2192 τοῦ
1238 2132 1399 2219 Ἐπικούρου

399 2235 514 2313 ἑταῖρος,
535 2251 563 2308 p.
586 2231 660 2300 406,
683 2229 729 2287 ed.
749 2227 893 2301 Casaub.,
916 2229 1000 2300 1587.
1023 2230 1108 2306 Apud
1135 2231 1218 2308 Diog.
1245 2232 1398 2306 InertX,

400 2347 447 2402 ατ,
462 2321 586 2406 lelp'tur:
603 2323 723 2404 μαδητδις
737 2323 765 2383 δὲ
779 2323 843 2405 ἔσχε
858 2322 972 2390 πολλοὺς
986 2323 1049 2403 μὲν,
1070 2323 1171 2409 σφόδρα
1191 2327 1218 2386 δὲ
1233 2328 1398 2407 ἐλλογίμους,

399 2424 578 2509 Μητρόδωρον
595 2424 753 2496 Ἀθηναῖον,
775 2422 821 2481 καὶ
839 2422 1014 2503 Τιμοκράτην
1026 2423 1072 2482 καί
1088 2423 1396 2506 ΣάνδηνΛαμψιικηνόν.

397 2524 468 2592 Cio,
486 2525 511 2584 Τ
512 2522 605 2582 uscul.
619 2523 652 2592 V,
665 2540 702 2592 ¹7
715 2543 722 2578 ι
734 2547 745 2572 ι
756 2519 813 2591 Qui
827 2519 905 2578 errim
918 2519 1032 2578 beatior
1044 2521 1198 2598 Epicurus,
1208 2523 1288 2601 quod
1295 2525 1325 2583 in
1339 2545 1396 2602 pa-

398 2621 454 2680 tria
467 2619 594 2690 vivebat,
607 2638 695 2698 quam
719 2618 799 2695 quod
810 2618 931 2678 Athenis
952 2618 1144 2678 Metrodorus.
1165 2620 1311 2682 »Casauh
1327 2622 1397 2680 iude

397 2718 513 2795 collegit
527 2736 585 2774 non
596 2715 800 2774 Atheniensem
816 2715 902 2773 fuisse
914 2716 1133 2788 Metrodorum,
1154 2730 1241 2794 atque
1257 2713 1394 2790 Ἀθηναῖον

396 2814 474 2892 apud
496 2813 688 2891 Diog.Laert.
716 2811 866 2890 cujusdam
893 2813 966 2870 alius
988 2814 1157 2892 philosophi
1175 2833 1282 2873 nomen
1306 2817 1394 2893 signi·

396 2910 493 2972 ficare.
508 2910 563 2970 Cui
576 2910 730 2968 assentitur
750 2909 889 2968 Meibom.
902 2909 1014 2986 legens:
1030 2908 1150 2987 μαθητάς
1162 2907 1190 2970 δὲ
1202 2909 1267 2991 ἔσχε
1279 2911 1394 2980 πολλοὺς

395 3007 454 3088 μὲν,
464 3007 565 3090 σφόδρα
575 3005 605 3066 δὲ
618 3005 783 3085 ἐλλογίμους,
798 3004 987 3088 Μητρόδωρον,
995 3006 1041 3066 καί
1053 3007 1190 3080 Ἀθηναῖοι
1205 3011 1264 3068 κτλ,
1276 3011 1393 3072 Rectius

395 3105 546 3178 Gassendi,
562 3107 605 3163 De
619 3105 676 3164 vit.
692 3105 809 3181 Epicur.
830 3105 852 3174 1,
867 3107 894 3174 8,
908 3124 993 3162 voces
1006 3103 1139 3177 Ἀθηναῖον
1160 3104 1205 3164 καί
1217 3105 1391 3187 Τιμοκράτην

394 3203 438 3263 καὶ
447 3202 602 3274 Σάνδην,ιιι
611 3202 1002 3280 spuriascxpungendasesse
1013 3205 1133 3272 censuit,
1141 3203 1392 3281 quibusdetractis

393 3313 497 3364 cetera
508 3299 619 3376 optime
630 3300 784 3364 cohaerent.
795 3299 922 3366 cousins,
935 3301 1126 3378 DeScriptor.
1139 3303 1210 3362 uisi.
1223 3302 1391 3380 philosoph.

393 3399 415 3472 l,
424 3415 472 3470 ao,
485 3397 650 3473 suspicatur
656 3397 856 3458 Metrodorum
875 3397 985 3460 dictum
1000 3417 1061 3458 esse
1069 3397 1308 3476 Lampsacenum
1323 3400 1391 3460 ideo

393 3494 473 3572 quod
487 3495 625 3572 Epicuri,
641 3495 714 3554 dum
732 3495 884 3572 Lampsaci
903 3507 1141 3568 commoreretur,
1162 3497 1270 3559 assecla
1285 3496 1395 3557 fuerat.

432 3591 666 3668 (193lhdversus
672 3591 845 3652 Dialecticos
852 3591 959 3652 librum
968 3593 1092 3669 scripsit.
1103 3591 1333 3670 Diog.Laert.ib.
1341 3605 1387 3664 at.

430 3688 510 3768 (194)
526 3689 573 3747 Sic
588 3688 773 3747 scribendum
783 3709 854 3761 esse,
869 3709 928 3746 non
940 3691 1130 3758 Hermocltus,
1143 3689 1173 3748 id
1187 3689 1267 3766 quod
1285 3690 1390 3767 legitur

390 3786 468 3864 apud
485 3786 569 3863 Diog.
581 3787 676 3844 Laert.
698 3786 780 3857 ibid„
794 3785 839 3844 καί
855 3790 870 3844 ό
887 3783 1068 3862 διαδεξάμενος
1085 3785 1163 3846 αὐτὸν
1175 3784 1319 3868 Ἕρμαχος
1332 3788 1409 3870 Ἀρ..

388 3882 510 3964 χτμάχου
535 3884 605 3956 κτλ,
624 3885 795 3944 confirmant
813 3878 1009 3954 Philodemus,
1022 3883 1220 3958 coinplurihus
1232 3885 1316 3958 locis,
1330 3887 1387 3944 Vil-

388 3982 498 4055 loisou,
515 3980 624 4041 Amcd.
641 4001 684 4056 gr.
700 3981 769 4051 tlt,
784 4001 811 4056 p.
829 3979 900 4054 1593
912 3979 1054 4050 visconti,
1072 3981 1202 4058 lromgr.
1220 4001 1261 4058 gr.
1274 3994 1294 4038 t.
1307 3984 1341 4054 l,
1355 4004 1385 4061 p.

388 4081 457 4150 216,
475 4076 561 4138 edin
578 4075 621 4145 4⁰.
795 4119 798 4128 .
1084 4109 1088 4136 ι
1219 4125 1222 4134 ,

428 4175 509 4252 (195)
523 4175 608 4252 Diog.
622 4173 716 4232 laert.
730 4169 798 4230 ibid.
810 4195 817 4230 ι
827 4171 875 4237 τὰς
885 4169 913 4232 δὲ
927 4171 1011 4253 ἀρχδτ
1023 4173 1163 4255 προσέχων
1176 4178 1329 4256 ῥητορικοῖς.
1385 4191 1386 4196 ’
