3174 5284
465 501 534 611 ω
561 501 882 578 rurtooruuu.
1107 501 1181 588 ,ιω
1252 544 1254 552 -

190 663 285 744 prolati
296 681 369 742 quas
378 659 568 723 Philodemus
577 675 729 738 memorat,
743 663 888 722 affirmare
899 683 959 746 non
970 665 1076 726 ausim:
1088 663 1183 726 dicam

191 776 286 821 tamen
300 762 361 819 haec
375 758 466 817 videri
476 758 555 836 jacta
568 760 599 816 in
616 759 730 818 Stoicos
745 760 809 836 qui,
832 761 906 818 siout
930 761 1026 819 caeteri
1051 762 1183 820 rhetores

189 861 246 920 tria
263 878 368 936 genera
383 857 582 930 admittentes,
606 858 725 916 eosdem
743 859 875 934 prolecto
898 860 934 917 de
954 859 1074 937 singulis
1097 879 1182 937 gene-

187 957 269 1016 ribus
290 957 370 1014 locos
395 955 588 1014 instituerant.
609 954 695 1026 Quod
721 955 759 1014 ad
776 953 996 1014 deliberativum
1018 975 1108 1033 genus
1128 956 1184 1014 ad-

188 1056 270 1127 tinet,
282 1054 380 1131 quales
391 1053 422 1112 hi
435 1053 494 1112 loci
505 1052 616 1110 fuerint
627 1052 766 1130 colligere
779 1052 847 1110 licet
860 1053 1183 1112 exductoreRhetorio.

188 1153 225 1212 ad
240 1150 398 1212 Alexandr.
414 1152 484 1228 Cap.
494 1151 535 1220 113
552 1149 631 1227 apud
646 1169 734 1226 quem
747 1149 855 1208 veteris
870 1150 1010 1208 doctrinae
1023 1150 1183 1228 deprehen-

188 1251 239 1310 das
253 1249 391 1328 vestigia,
407 1248 514 1326 quihus
526 1248 665 1306 institisse
688 1248 802 1306 Stoicos
822 1267 892 1306 vero
915 1248 1007 1306 simile
1030 1260 1073 1308 est
1087 1271 1096 1320 ς
1113 1249 1182 1308 dum

187 1361 290 1427 eontra
305 1347 442 1425 Epicurei
455 1344 606 1404 studerent
621 1343 659 1402 ab
677 1345 812 1422 Antiquis
831 1342 993 1404 deflectere.
1016 1346 1099 1423 Saepe
1126 1344 1182 1404 ob-

189 1447 236 1504 ria
245 1458 290 1504 est
302 1465 360 1504 vox
376 1441 505 1521 ὀνομασία
525 1443 605 1520 apud
626 1441 767 1501 rhetores.
791 1442 914 1519 Longin.
930 1443 1094 1520 Fragment.
1118 1444 1180 1504 Ill:

189 1540 269 1603 Ούτω
287 1540 333 1600 καί
346 1539 389 1600 ἐπὶ
402 1543 455 1599 τῶν
468 1537 667 1622 προειρημένων
682 1537 746 1598 αὐτὸ
757 1537 788 1597 τὸ
803 1536 997 1620 μετρούμενον,
1012 1537 1130 1599 τουτέστι
1148 1539 1180 1599 τὸ

187 1639 301 1717 ποίημα,
323 1636 418 1720 μέτρον
438 1635 673 1719 προσαγορεύεται,
688 1635 733 1694 καὶ
756 1633 866 1696 ἕκαστον
879 1639 933 1695 τῶν
953 1636 1116 1719 μετρούντων
1132 1641 1180 1709 τῆς

187 1739 280 1818 ὁμοίας
291 1737 435 1820 τετύχηκεν
447 1737 598 1817 ὀνομασίας.
619 1738 733 1814 Syrien.
751 1738 781 1795 in
791 1739 925 1816 Hermog.
937 1739 981 1797 De
992 1739 1113 1812 FormiS,
1125 1737 1181 1798 lib.

189 1856 231 1914 gr.
251 1836 343 1894 Walz.
355 1849 376 1893 t.
387 1837 462 1908 vll,
480 1855 509 1913 p.
531 1855 589 1910 99:
608 1831 737 1912 Τεχνίτου
751 1830 803 1913 γάρ
824 1831 917 1914 ἀνδρὸς
940 1833 988 1892 καὶ
1004 1833 1078 1912 μάλα
1100 1839 1181 1916 σοροῦ

189 1929 227 2006 μὴ
240 1928 403 2007 σνμὸολικίις
421 1926 521 1988 τιθέναι
535 1926 697 2006 ὀνομασίας,
713 1924 783 1986 ἀλλὰ
798 1929 851 1988 τῶν
862 1926 1041 2006 ὑποκειμένων
1054 1931 1181 2010 ἐμφαντι-

187 2024 275 2102 atet
290 2034 360 2086 ποιεῖ
370 2023 490 2106 τεχνικὸς
511 2025 572 2085 κτλ.

579 2229 786 2262 “¹⁴0⁶—

480 2379 709 2452 COLUMNA
733 2381 893 2450 xxvlu.

225 2565 389 2642 V.1-7.'Err
401 2567 620 2649 δὲ-ὓπερὸῶσι.
632 2610 640 2626 .
653 2612 660 2625 .
680 2568 818 2646 Quasnam
833 2567 901 2627 talia
916 2568 973 2626 sint
986 2579 1019 2626 ut
1030 2569 1093 2628 lieri
1110 2589 1180 2650 pos-

187 2667 244 2726 sint
255 2685 345 2724 necne
360 2665 466 2723 diserte
487 2665 574 2724 tradit
593 2663 712 2725 Aristot.
726 2663 808 2724 Rhet.
823 2665 860 2736 ll,
878 2685 930 2742 19:
949 2667 1061 2745 Πρῶτον
1074 2664 1122 2744 μὲν
1134 2657 1179 2736 odi

186 2781 322 2852 -δῆλονΙ
344 2778 430 2850 Quod
448 2779 486 2838 ad
505 2777 596 2840 verba
616 2775 779 2836 Philodemi
804 2777 932 2852 adtinet,
950 2799 1005 2858 pro
1027 2765 1179 2845 ῬᾹΡΑ

187 2873 346 2952 MEO).
359 2905 382 2959 .‘,
399 2906 427 2943 v.
440 2888 475 2958 6,
489 2885 576 2963 posui
596 2883 784 2965 παραλάύωσι,
805 2903 932 2962 (μιοοιιιιι
954 2906 1030 2963 saepe
1051 2886 1181 2968 παραὸά-

185 2991 470 3067 λωσιποιιίιιοάίῑιιι.
490 2990 660 3050 Audiendus
682 2990 726 3048 Cl.
749 2990 918 3048 Boissonad.
935 2991 965 3048 in
980 2992 1101 3050 Planud.
1114 2994 1179 3050 Μο-

186 3088 328 3166 tamorph.
351 3108 379 3164 p.
395 3089 462 3158 164,
476 3099 537 3144 not.
551 3107 581 3144 1:
596 3085 787 3145 «sexcenties
802 3086 904 3144 aoristi
915 3085 1073 3144 verborum
1087 3086 1179 3166 βάλλω
1222 3097 1230 3114 ·

185 3196 214 3241 et
222 3181 354 3263 λαμὸάνω
369 3183 528 3262 permutati
542 3182 658 3242 fuerunt
669 3203 686 3240 a
697 3181 831 3241 librariis.
845 3183 888 3242 Cs.
897 3195 982 3242 notas
995 3182 1032 3241 ad
1046 3183 1178 3254 Nicetam

186 3280 296 3360 Eugeia.
313 3301 344 3358 p.
371 3280 445 3350 162,
470 3280 536 3342 353.
556 3279 710 3357 Euripides
738 3279 836 3338 Phoen.
862 3279 1077 3338 1681211612
1093 3279 1133 3340 Σύ
1154 3279 1178 3340 δ’

185 3377 254 3436 ἀλλὰ
276 3379 360 3459 νεκρῷ
373 3376 471 3457 λουτρὰ
491 3375 642 3458 περιὸαλεῖν
660 3375 724 3454 μ’ἔιι
738 3399 746 3435 :
760 3397 821 3436 non
841 3374 1017 3458 περιλαὸεῑν.»
1038 3377 1111 3437 Vide
1133 3380 1181 3452 ¹Cl.
1215 3368 1219 3376 .

184 3476 272 3544 Ense,
290 3475 321 3532 in
332 3474 462 3551 Lydum,
484 3475 527 3532 De
547 3475 659 3534 Ostent.
682 3486 743 3533 not.
762 3475 836 3546 316,
856 3476 890 3532 Α.

222 3572 257 3630 V.
282 3572 311 3629 8.
334 3569 495 3653 Περιάπτειν
509 3613 516 3629 .
530 3615 537 3630 .
550 3615 557 3628 .
572 3571 717 3630 Solemnis
745 3583 813 3630 sunt
836 3569 914 3648 apud
935 3571 1068 3631 rhetores
1089 3572 1180 3632 verba

186 3665 341 3751 περιάπτειν
358 3680 387 3727 et
403 3667 576 3749 προσάπτειν.
594 3669 714 3746 Dionys.
730 3668 822 3728 llalio.
840 3668 933 3746 Epist.
947 3669 984 3726 ad
1001 3671 1183 3748 Pompeium,

185 3766 246 3826 lll:
268 3763 371 3845 Καλτῇ
385 3763 464 3824 πόλει
485 3767 518 3845 τῇ
540 3767 634 3824 ἑαυτοῦ
645 3763 692 3833 τὰς
712 3763 827 3846 φανεράς
840 3763 925 3832 αἰτίοις
943 3769 990 3824 τοῦ
1008 3765 1126 3845 πολέμου
1136 3789 1183 3824 πι-

185 3861 324 3943 ριάπτειν,
345 3861 435 3946 ἑτέρας
457 3861 555 3942 ἔχοντα
579 3863 689 3928 πολλοῖς
713 3865 845 3946 ἀφορμαῖς
864 3862 993 3945 περιάψαι
1015 3861 1061 3930 τὰς
1089 3862 1185 3931 αἰτίας.

183 3958 285 4032 Idem,
300 3959 344 4017 De
359 3959 507 4036 Thucyd,
525 3961 580 4020 vl:
602 3957 718 4018 Ἔπειτα
728 3977 730 3980 ·
741 3957 810 4018 κατά
831 3959 862 4020 τὸ
875 3957 957 4040 μηδὲν
981 3960 1048 4039 αὐτῇ
1065 3959 1186 4036 μυθῶδες

186 4054 341 4136 προσάψαι,
358 4057 421 4134 μηδ’
446 4058 482 4123 αἶς
500 4055 605 4128 ἀπάτην
631 4053 677 4114 καί
700 4053 824 4133 γοητείαν
847 4060 900 4118 τῶν
923 4057 1030 4116 πολλῶν
1050 4055 1185 4139 ἐκτρέψαι

135 4195 141 4208 .
186 4151 306 4230 loseph.
315 4152 483 4230 rhaoendyt.
499 4153 623 4230 Synops.
636 4151 803 4212 llhetorio.:
820 4151 957 4224 Γλοκύτης
976 4149 1004 4210 δέ
1018 4151 1118 4213 ἔστιτὸ
1131 4162 1185 4220 τοῖς
