3194 5286
403 548 465 602 (xlv

326 752 333 764 .
400 692 630 763 Rhetoricam
646 696 784 786 magnis
799 692 973 763 extollere
988 690 1174 778 laudibus;
1188 690 1393 764 dictitantes

400 808 483 877 illos
499 809 563 904 qui
577 807 643 877 arti
659 831 731 876 suae
749 831 787 878 se
804 806 935 878 darem
949 832 1026 877 non
1045 809 1095 878 ita
1110 806 1227 877 multo
1242 821 1326 904 post
1342 808 1393 878 rei

400 921 567 1020 publicae*
586 921 681 992 bene
702 921 866 1017 gerendae
885 925 1092 1018 aptissimos
1111 920 1201 992 fieri.
1223 923 1393 1011 Quorum

399 1038 594 1106 vanitatem
612 1033 861 1130 fallaciamque
881 1059 938 1105 res
950 1037 1026 1133 ipsa
1040 1033 1266 1106 manifestam
1287 1033 1395 1104 facie·

399 1149 483 1237 bat3
504 1147 653 1247 quando
672 1147 776 1219 multi
795 1149 875 1245 qui,
895 1152 1048 1246 pecunia
1065 1151 1243 1246 insumta‚
1270 1148 1395 1244 sophi·

400 1279 471 1335 stas
483 1261 672 1333 audierant
690 1261 942 1353 declamantes,
957 1288 1031 1347 non
1048 1261 1132 1333 ideo
1148 1263 1264 1358 perite
1281 1267 1394 1359 magis

399 1401 541 1449 causam
568 1376 739 1463 orabant,
772 1378 1030 1448 concionemve
1058 1375 1243 1447 habebant
1270 1376 1314 1446 ad
1333 1377 1396 1472 po'·

399 1493 527 1590 pulum
546 1491 659 1587 (280).
689 1490 836 1562 Politica
866 1493 964 1562 enim
993 1489 1162 1576 facultas,
1191 1488 1395 1560 Philodami

399 1606 587 1695 sententia,
607 1629 681 1674 non
698 1629 740 1674 ea
758 1618 811 1675 est
824 1629 904 1701 quae
919 1628 983 1700 per
996 1602 1227 1674 Rhetoricam
1243 1627 1394 1700 compa·

400 1735 500 1790 retur
518 1718 630 1815 (281).
652 1717 759 1808 Quod
787 1720 817 1788 si
845 1717 1104 1789 contemnendi
1125 1717 1176 1787 illi
1200 1731 1394 1813 nugatores

400 1839 437 1904 in
467 1834 540 1903 suis
564 1832 713 1903 Technis
736 1857 999 1928 nonnunquam
1025 1831 1149 1902 iisdem
1183 1829 1395 1901 nominibus

401 1960 558 2018 utuntur
585 1945 721 2041 quibus
743 1948 810 2015 viri
838 1947 995 2042 politici3
1024 1947 1173 2016 minime
1192 1959 1313 2014 tamen
1331 1968 1396 2041 po·

402 2064 507 2133 liticae
548 2059 725 2131 facultatis
766 2059 928 2132 effectrix
966 2058 1135 2131 habenda
1181 2073 1235 2131 est
1270 2059 1396 2156 Sophi·
1453 2076 1458 2082 '

326 2165 330 2172 ⁴
401 2181 489 2248 stica
524 2171 648 2270 (282).
685 2173 860 2259 Rhetores
893 2173 1125 2270 sycophantis
1158 2187 1394 2257 annumerat,

400 2471 444 2507 πω
459 2448 574 2508 ἐναντίον
588 2446 647 2507 οὔτε
660 2445 802 2524 ἀλλήλοις,
818 2444 878 2504 οὔτε
891 2443 1043 2528 Ἐπικούρῳ
1056 2443 1139 2524 μηδὲν
1163 2448 1202 2512 εἷς
1219 2443 1320 2525 μηδὲν,
1333 2443 1395 2504 ότου

401 2545 447 2606 καὶ
464 2550 611 2625 μνησθῆναι
631 2544 715 2614 ἄξιον·
740 2542 799 2603 ἀλλ’
821 2541 892 2604 ἔστιν
911 2546 999 2611 αὐτοῖς
1017 2541 1221 2626 παρανόμημα,
1250 2541 1394 2622 μᾶλλονδὲ

402 2642 543 2720 ἀοέόημα,
564 2642 610 2702 καὶ
631 2640 813 2721 κατέγνωσται
829 2639 860 2701 τό
875 2639 1074 2719 καινοτομηθέν.
1097 2639 1153 2701 Καὶ
1167 2639 1211 2700 διὰ
1223 2646 1301 2700 τοῦτο
1313 2640 1395 2708 οὐδεὶς

401 2739 460 2798 οὐδὲ
480 2741 575 2821 τολμᾷ.
596 2737 674 2798 Κατὰ
689 2736 790 2812 πολλὴν
814 2736 842 2797 δὲ
862 2736 968 2820 εἰρήνην
985 2738 1073 2804 αὐτοῖς
1092 2741 1186 2819 ἠρεμεῖ
1206 2735 1241 2796 τὰ
1263 2736 1394 2818 δόγματα,

402 2834 453 2895 ὑπὸ
466 2839 514 2909 τῆς
532 2838 559 2896 ἰν
574 2835 698 2908 ἀλλήλοις
717 2836 770 2894 αἰεί
792 2857 856 2894 ποτε
878 2833 1039 2915 συμφωνίας·
1062 2832 1133 2894 ἔοικέ
1154 2859 1183 2894 τε
1201 2837 1219 2908 ἡ
1234 2833 1393 2918 Ἑπικούρου

403 2933 524 3017 διατριόὴ
546 2933 667 3016 πολιτείᾳ
683 2931 735 2992 τινὶ
747 2935 841 3005 ’ἀληθεῖ
850 2979 858 3008 ,
882 2931 1134 3012 ἀστασιαστοτάτη,
1158 2931 1244 2992 κοινὸν
1262 2930 1309 2991 ἓνα
1323 2937 1394 3004 νοῦν,

402 3031 465 3109 μίαν
480 3029 588 3111 γνώμην
603 3027 710 3111 ἐχούσῃ·
726 3020 810 3111 ἀρ’ἧς
822 3020 903 3106 ἦσαν,
920 3027 966 3088 καί
980 3031 1040 3103 εἰσι,
1059 3027 1115 3102 καλ,
1130 3032 1166 3096 ὡς
1181 3027 1275 3102 ἔοικεν,
1290 3027 1395 3088 ἔσονται

401 3128 593 3212 φιλακόλουθοι.
608 3130 748 3189 Themist
770 3130 849 3187 Orat.
866 3127 970 3197 XXlll,
993 3146 1022 3204 p.
1039 3129 1112 3201 287,
1127 3127 1172 3208 ed,
1183 3132 1281 3186 Petav.
1301 3126 1393 3186 Paris.

405 3229 479 3296 1684
501 3251 507 3284 :
540 3227 585 3286 καὶ
617 3225 690 3308 ἄλλῳ
721 3222 753 3298 δὴ
780 3221 914 3306 φιλοσόφῳ
941 3221 1018 3284 ἄλλοι
1047 3220 1123 3301 νόμοι
1159 3222 1245 3297 εἰσὶν,
1283 3218 1394 3288 ὁπόσους

402 3323 597 3407 συνέγραψενό
622 3320 771 3406 ἀρχηγέτης
795 3324 847 3381 τῶν
873 3320 978 3399 λόγων,
1003 3319 1047 3389 οὓς
1069 3319 1158 3379 διώκει
1188 3343 1216 3379 τε
1239 3318 1284 3378 καὶ
1312 3319 1395 3400 προῦ-

402 3421 535 3493 οτήοασο.
548 3469 554 3481 .
568 3465 595 3479 ..
612 3419 690 3501 Ὅτῳ
703 3419 731 3478 δὲ
750 3418 825 3498 μελει
839 3423 852 3479 ὁ
866 3422 969 3491 κῆπος,
993 3416 1104 3484 ὁπόσους
1117 3415 1275 3497 Ἐπίκουρος
1301 3417 1396 3474 όΝεο-

403 3517 514 3585 κλέους·
540 3515 661 3597 καθάπερ
688 3515 792 3577 Σόλωνι
820 3515 868 3594 μὲν
899 3519 937 3597 τῷ
958 3513 1101 3596 Ἀθηναίῳ·
1133 3512 1278 3594 Λυκοόργῳ
1301 3509 1329 3570 δὲ
1355 3515 1394 3592 τῷ

404 3614 561 3696 Σπαρτιάτῃ
584 3617 642 3674 κτλ.
661 3614 717 3676 Ubi
734 3617 849 3674 petar:
872 3610 1131 3699 οὸοοίλιθΣόλῳνος
1142 3623 1172 3670 et
1186 3609 1348 3689 Λυκούργου,
1364 3622 1397 3666 ut

403 3713 478 3792 νόμοι
495 3712 737 3772 subaudiantur.»
756 3712 848 3780 Quem
862 3722 976 3767 secutus
991 3721 1034 3767 est
1047 3711 1082 3767 G.
1098 3706 1231 3767 Diodorf.
1245 3727 1273 3785 p.
1287 3708 1354 3779 347.

446 3837 526 3915 (280)
540 3836 586 3896 Cf.
596 3833 882 3894 Philodemillhetor.
894 3832 1014 3909 Neapoli
1028 3806 1133 3901 editam
1148 3849 1223 3888 anno
1239 3831 1327 3906 1832,
1340 3830 1396 3886 col.

405 3935 455 3994 ΙΙΙ.
464 3934 530 4012 (llic
543 3931 623 4004 liber,
637 3932 666 3988 in
677 3943 804 3990 annotat.
817 3949 880 4020 quae
893 3927 1196 4006 sequuntur,litterad
1208 3923 1395 4014 designatur).

445 4050 528 4120 (281)
549 4047 621 4106 Ibid.
640 4046 768 4104 colVll.

446 4162 526 4242 (282)
541 4161 620 4245 ibid.
635 4162 688 4218 col.
710 4161 770 4225 Xll.
