3198 5288
385 604 473 660 XXX

387 779 470 830 cum
498 757 741 829 assiduissime
764 755 831 826 init
857 755 993 826 Tullius
1010 754 1095 850 (98).
1117 753 1233 823 Attica
1255 766 1374 821 eutem

388 875 598 971 eloquentia
619 873 692 966 jam
713 869 775 940 diu
800 883 1011 956 evanuerat,
1029 867 1119 939 adeo
1134 883 1175 938 ut
1192 870 1376 940 interera-

387 1005 484 1059 tores
509 989 567 1057 vix
593 985 793 1058 collocandi
816 986 887 1054 sint
910 989 1117 1055 Demetrius
1141 989 1251 1080 Syrus
1275 985 1375 1081 (99),

386 1101 643 1194 Menedemus(
653 1122 661 1170 ι
671 1099 743 1195 oo),
753 1102 904 1196 Gorgias
918 1098 1147 1170 Atheniensis
1156 1100 1376 1194 (ror)‚Pam·

388 1241 510 1286 menes
520 1216 636 1310 (ιοο),
653 1214 900 1311 Amphicrates
915 1213 1030 1310 (103),
1044 1217 1168 1284 Matris
1182 1212 1294 1308 (rod).

384 1558 436 1596 Ιιινι
446 1540 535 1619 γραρῇ
544 1538 624 1595 αὐτοῦ
633 1536 713 1615 (vett.
723 1535 774 1594 lib.
787 1533 884 1614 αὐτὸς),
899 1535 1044 1617 συγκρίνων
1056 1534 1183 1595 Ξενοκλεῖ
1194 1534 1304 1602 καὶτοῖς
1316 1534 1376 1593 κατ’

384 1635 481 1692 ἐκεῖνον
492 1629 664 1710 ἀκμάζουσιν,
679 1651 710 1710 p.
725 1633 793 1700 454,
807 1631 854 1691 ed.
865 1631 986 1690 casaub.
1002 1632 1087 1706 1587.

423 1739 486 1818 (98)
507 1739 565 1798 cic.
582 1741 662 1798 Brut
675 1738 746 1799 XCI.

423 1835 484 1912 (99)
508 1833 605 1910 idern,
632 1832 703 1891 ibid.
723 1857 730 1891 ι
756 1834 891 1893 «Eodem
907 1846 1001 1892 tamen
1016 1846 1146 1912 tempore
1167 1833 1285 1891 Athenis
1296 1833 1374 1911 apud

386 1931 567 1989 Demetrium
583 1932 707 2007 Syrum,
733 1943 860 1988 veterem
879 1942 908 1989 et
925 1951 984 1988 non
1011 1930 1168 2008 ignobilem
1187 1929 1300 1988 dicendi
1317 1949 1375 1987 rna-

384 2029 518 2104 gistrum,
533 2029 661 2086 studiose
674 2029 802 2086 exerceri
811 2027 969 2086 solebam„

424 2126 504 2204 (τοο)
514 2127 573 2188 Cic.
580 2128 624 2184 De
634 2128 714 2184 Orat.
724 2128 748 2203 l,
760 2147 796 2202 19
808 2148 815 2184 ι
832 2154 843 2178 ι
854 2124 1049 2204 Disputabant
1055 2139 1156 2184 eontra
1170 2127 1372 2186 diseriihomi-

383 2242 453 2295 nes,
468 2223 674 2298 Athenienses,
692 2237 720 2280 et
733 2223 764 2282 in
779 2243 811 2282 re
829 2222 946 2300 publiea
958 2224 1109 2302 causisque
1125 2225 1243 2296 versati,
1263 2225 1293 2282 iu
1310 2226 1373 2301 quis

383 2331 444 2378 erat
468 2321 556 2378 etiam
577 2321 617 2390 is,
634 2321 684 2397 qui
704 2340 797 2399 nuper
815 2321 914 2380 Romae
941 2319 1008 2395 fuit,
1034 2320 1237 2397 Menedemus,
1267 2321 1373 2398 hospes

383 2436 479 2491 meus,
494 2431 573 2475 etc.»

422 2515 502 2592 (τοι)
516 2517 557 2572 De
567 2517 685 2593 Gorgia,
700 2515 767 2574 vide
776 2516 892 2574 Ruunt.
906 2516 985 2593 praei.
996 2515 1033 2572 ad
1048 2515 1135 2574 uniit.
1150 2515 1224 2594 hup.
1239 2535 1267 2592 p.
1279 2517 1305 2575 X
1317 2536 1372 2593 σιμ,

386 2625 415 2670 et
431 2613 523 2685 inira,
544 2615 585 2671 De
596 2613 717 2672 Rhetor.
735 2614 812 2690 §lt

423 2709 502 2787 (του)
524 2710 582 2767 cic.
598 2711 678 2767 Brut.
691 2712 793 2769 XCVII
801 2731 809 2778 ;
823 2715 940 2780 Orator,
953 2709 1040 2769 XXX.
1058 2701 1064 2713 ¹

422 2807 504 2884 (103)
513 2807 605 2884 Hujus
615 2808 745 2864 meminit
758 2808 908 2867 Plutarch·
920 2808 950 2866 in
963 2807 1089 2875 Lueuil.,
1103 2809 1183 2866 XXli
1199 2832 1204 2863 :
1218 2807 1372 2879 ἐτελεύτησε

382 2901 494 2984 δὲπαρά
509 2905 548 2984 τῷ
564 2903 685 2984 Τιγράνῃ
704 2902 751 2962 καὶ
761 2902 941 2986 Ἀμφικράτης
960 2907 974 2962 θ
995 2901 1096 2984 ῥήτωρ·
1118 2905 1140 2960 εἰ
1159 2904 1197 2962 δεῖ
1214 2904 1259 2962 καί
1279 2903 1371 2964 τούτου

383 2999 490 3078 μνήμην
513 2997 572 3059 τινδι
593 2999 713 3078 γενέσθαι
735 2997 779 3058 διδι
798 2997 845 3068 τδις
865 2999 981 3072 Ἀθήνας.
1003 2998 1117 3078 Λίγεται
1141 2996 1193 3080 γδιρ
1209 3008 1298 3081 ρυγεῖν
1323 3001 1370 3076 μὲν

383 3097 460 3158 αὐτὸν
480 3099 516 3166 εἰς
528 3095 685 3160 Σελεύκειαν
706 3095 756 3170 τὴν
776 3098 820 3157 ἐπὶ
844 3098 958 3181 Τίγριδι·
981 3097 1110 3176 δεομένων
1130 3099 1153 3156 δ’
1183 3095 1274 3157 αὐτόθι
1298 3119 1372 3178 συρι-

382 3194 492 3270 στεάειν,
522 3196 671 3277 ὑπεριδεῖν,
689 3197 1000 3275 καταλαζονευσάμενον,
1019 3199 1055 3264 ὡς
1077 3194 1135 3256 οὐδὲ
1153 3195 1250 3268 λεκάνη
1264 3197 1371 3278 δελρῐνα

382 3292 496 3374 χωροίη·
508 3290 675 3369 μεταστάντα
686 3290 714 3351 δὲ
726 3292 791 3374 πρὸς
807 3291 991 3375 Κλεοπάτραν,
998 3291 1047 3365 τὴν
1059 3292 1222 3374 Μιθριδάτου
1230 3290 1370 3373 θυγατέρα,

381 3391 407 3449 Τ
409 3389 501 3470 ιγράνῃ
519 3388 547 3447 δὲ
560 3395 750 3464 συνοικοῦσαν,
774 3392 802 3450 ἐν
820 3390 931 3471 διαάολῇ
945 3389 1065 3470 γενέσθαι
1078 3390 1164 3471 ταχὺ,
1182 3389 1228 3450 καί
1248 3393 1295 3461 τῆς
1306 3389 1371 3470 πρὸς

381 3484 440 3552 τοὺς
451 3485 588 3559 Ἕλληνας
601 3486 733 3566 ἐπιμιξίας
748 3486 899 3571 εἰργόμενον
913 3489 1138 3571 ἀποκαρτερῆσαι.
1151 3491 1276 3571 Ταρῆνσι
1287 3485 1370 3546 δὲκαὶ

381 3586 472 3640 τοῦτον
486 3581 597 3661 ἐντίμως
610 3583 662 3642 ὑπὸ
671 3587 719 3656 τῆς
730 3581 912 3665 Κλεοπάτρας,
930 3584 975 3643 καί
990 3588 1093 3644 κεῖσθαι
1111 3584 1172 3667 περί
1183 3581 1296 3665 Σαρδιν,
1317 3584 1371 3644 ἐκεῖ

381 3703 407 3739 τι
422 3679 521 3763 χωρίον
534 3680 604 3740 οὕτω
615 3681 787 3761 καλούμενον.

346 3853 348 3857 Ι
422 3776 503 3855 (τοι.)
523 3779 615 3849 Quem
626 3799 692 3836 eum
707 3780 888 3856 dmphierate
909 3791 939 3837 et
950 3780 1070 3858 Hegesia
1080 3778 1177 3856 jungit
1194 3778 1315 3856 Longin.
1328 3781 1370 3836 De

382 3873 501 3932 Sublim.
518 3875 573 3942 111,
592 3895 625 3934 τι
644 3874 678 3933 τά
694 3897 724 3952 γε
741 3873 793 3951 μὴν
809 3874 999 3956 Ἀμρικράτους
1020 3881 1142 3949 τοιαῦτα,
1163 3874 1209 3933 καὶ
1231 3869 1370 3954 Ἡγησίου,

381 3970 427 4030 καί
441 3971 588 4053 Μάτριδος·
612 3973 749 4053 πολλαχοῦ
765 3972 815 4055 γδιρ
833 3973 966 4055 ἐνθουσιᾷν
979 3977 1080 4040 ἑαυτοῖς
1091 3974 1223 4040 δοκοῦντες
1235 4020 1243 4049 ,
1257 3976 1287 4033 οὗ
1301 3976 1370 4052 βακ-

381 4068 520 4150 χεθουσιν,
542 4067 610 4128 titt
623 4068 769 4139 παίζουσιν.
788 4072 991 4131 [nudationem
1005 4073 1135 4131 Herculis
1146 4093 1212 4131 eum
1226 4073 1371 4148 scripsisse

381 4168 464 4226 docet
475 4169 578 4228 Athen.
587 4166 650 4228 Lib.
660 4169 694 4239 X,
702 4185 731 4248 p,
743 4180 810 4244 412,
823 4165 1037 4250 ΒιΜάτριςδὲέν
1046 4171 1085 4252 τῷ
1095 4175 1141 4228 τοῦ
1154 4167 1314 4250 Ἡρακλέους
1326 4169 1370 4245 ἐγ-
