3174 5284
389 597 454 642 120
703 543 1053 643 ANNOTATIOIVES

384 738 448 800 Llll
470 737 592 810 ιΔιι-ιῆν
614 735 643 795 δὲ
664 736 713 810 τὴν
734 742 810 820 φύσιν
835 733 1274 816 αιίπῆς(σιι1ιίιιῑε11.δποκρέσοως)
1292 723 1375 794 οὖσαν

383 837 466 916 δρῶν,
485 833 545 916 περὶ
564 832 644 916 ἄμφω
664 833 698 894 τὰ
722 833 789 917 μέρη
809 834 909 916 σφόδρα
929 830 1084 892 ἐσπούδασε.
1106 830 1162 892 Καὶ
1179 829 1231 910 γδιρ
1249 827 1283 888 τὰ
1302 829 1374 902 πάθη

382 931 417 992 ali
438 935 488 1003 τῆς
512 936 600 1015 φωνῆς
623 932 669 992 καὶ
692 933 727 992 τὰ
749 932 878 1012 σχήματα
897 937 944 992 τοῦ
965 931 1088 1011 σώματος
1088 976 1214 991 .......
1232 933 1262 990 οὔ
1288 931 1379 1012 μικρῷ

383 1027 455 1110 πόνῳ
493 1027 693 1110 κατηργάσατο.
737 1030 861 1107 Longin.
900 1032 1055 1107 Fragment
1089 1029 1156 1088 Vlll
1190 1025 1377 1108 ιὙπόκρισίς

384 1125 440 1184 ἐστι
459 1123 570 1203 μίμησις
588 1129 640 1186 τῶν
666 1125 724 1186 κατ’
746 1125 871 1198 ἀλήθειαν
891 1124 997 1208 ἑκάστῳ
1015 1122 1220 1208 παρισταμένων
1238 1126 1309 1196 ἠθῶν
1330 1121 1378 1182 καὶ

383 1219 475 1280 παθῶν
493 1222 538 1281 καὶ
557 1221 696 1284 διαθέσεων
715 1221 837 1302 σώματός
847 1247 877 1283 τι
899 1224 945 1283 καὶ
962 1222 1039 1283 τόνου
1053 1227 1141 1306 φωνῆς
1155 1220 1306 1304 προσφόρων
1322 1229 1377 1288 τοῖς

385 1320 564 1398 ὑποκειμένοις
607 1321 772 1403 πράγμασιν.
808 1321 939 1382 Eustath.
964 1323 993 1380 in
1030 1325 1149 1380 Homer.
1187 1320 1289 1398 Odyss.
1327 1321 1378 1390 IV,

385 1437 414 1497 p.
432 1419 506 1495 1496
525 1437 533 1475 ι
553 1415 635 1479 Ἐστι
647 1419 716 1480 κατὰ
736 1418 797 1486 τοὺς
805 1418 933 1487 παλαιοὺς
944 1416 1094 1500 όπόκρισις,
1106 1416 1220 1484 διάθεσις
1231 1410 1318 1498 φωνῆς
1330 1414 1378 1475 καὶ

385 1513 537 1595 σχήματος,
551 1515 664 1592 πιθανὴ,
675 1516 812 1601 πρέπουσα
821 1520 860 1598 τῷ
874 1515 1040 1598 ὑποκειμένῳ
1053 1513 1188 1598 προσώπῳ
1199 1513 1216 1586 ῆ
1230 1512 1379 1596 πράγματι.

385 1613 429 1673 cf.
446 1614 516 1688 cic,
527 1617 571 1674 De
588 1629 663 1674 orat.
676 1617 724 1676 lll.
742 1618 777 1689 57
793 1637 855 1694 sqq.

424 1713 459 1770 V.
476 1713 576 1782 13-14.
597 1711 666 1780 Τοὺς
686 1711 790 1781 ἰδιόκιας
811 1711 931 1780 καὶτοὺς
953 1710 1109 1795 βαρόόρους.
1124 1757 1130 1770 .
1143 1757 1149 1770 .
1162 1711 1219 1770 Cic.
1238 1713 1257 1770 l.
1277 1711 1307 1784 1.,
1322 1710 1379 1787 59ι

386 1810 442 1868 «ln
460 1809 496 1867 iis
509 1809 644 1870 omnibns
663 1830 728 1889 quae
742 1825 809 1870 sunt
823 1813 964 1882 Actionis,
982 1813 1058 1869 inest
1078 1809 1210 1888 quaedam
1225 1810 1269 1867 vis
1287 1829 1305 1867 a
1324 1829 1381 1866 na-

306 1971 310 1982 ,
388 1916 452 1965 tura
464 1903 531 1964 data
546 1929 554 1964 ι
568 1927 658 1984 quare
670 1908 756 1966 etiam
771 1909 825 1967 hae
843 1915 970 1985 imperiti,
988 1908 1042 1966 hnc
1056 1911 1168 1983 vulgus,
1186 1907 1241 1965 hac
1253 1905 1381 1982 deniquo

389 2001 503 2060 barban·
522 2004 645 2063 maxime
667 2017 909 2064 commoventur.»

427 2100 460 2156 V.
480 2119 587 2158 οι-αα.
610 2098 745 2178 Εὐμέλιια
766 2105 855 2180 φωνῆς
868 2101 914 2160 καὶ
925 2099 997 2184 τόνοι
1010 2146 1017 2159 .
1031 2145 1058 2159 ..
1080 2099 1198 2161 aristot.
1223 2098 1307 2159 llhet.
1323 2101 1379 2169 lli,

391 2217 402 2252 ι
420 2192 520 2255 ιἘστι
532 2192 560 2254 δέ
572 2194 639 2268 nlla-q
652 2193 700 2276 μὲν
715 2199 742 2257 έν
752 2202 841 2280 φωνῇ,
855 2197 911 2264 πῶς
924 2199 991 2277 αὐτῆ
1008 2197 1047 2256 δεῖ
1060 2199 1175 2280 χρῆσθαι
1189 2195 1254 2278 πρὸς
1268 2193 1380 2256 ἕκαστον

387 2287 481 2358 πόθος·
501 2282 570 2366 οἷον,
587 2290 651 2352 πότε
672 2290 792 2373 μιγόλῃ,
813 2294 858 2352 καὶ
878 2292 943 2353 πότε
963 2297 1062 2375 μικρᾷ,
1081 2291 1127 2351 καὶ
1147 2289 1211 2351 πόσε
1231 2291 1317 2373 μέσῃ·
1334 2293 1382 2352 καὶ

387 2389 443 2455 πῶς
464 2395 518 2455 τοῖς
539 2386 638 2456 τόνοις·
655 2379 719 2464 οἷον,
743 2387 831 2471 ὀξείᾳ,
847 2390 893 2450 κοιὶ
912 2388 1019 2472 βαρείῃ,
1039 2388 1085 2448 καὶ
1105 2387 1190 2469 μέσῃ·
1211 2388 1256 2448 καὶ
1276 2392 1382 2469 ῥυθμοὶ,

388 2482 441 2543 τίσι
463 2484 529 2565 πρὸς
551 2484 666 2545 ἕκαστα·
687 2485 747 2569 τρία
770 2486 821 2569 γάρ
844 2488 901 2546 ἐστι
922 2486 983 2568 περὶ
1007 2471 1043 2544 ὧν
1069 2486 1214 2544 σκοποῦσι.
1232 2487 1327 2545 Ταῦτα
1356 2486 1381 2544 δ’

388 2581 454 2654 loti,
469 2578 586 2660 μέγεθος,
598 2582 710 2665 ἁρμονία
718 2629 726 2658 ,
741 2582 844 2665 ῥυθμός.
859 2586 903 2645 cf.
916 2575 1049 2644 Gerards
1061 2585 1143 2644 Joan.
1157 2583 1238 2641 Voss.
1250 2584 1268 2640 l.
1281 2583 1298 2640 l.
1313 2603 1341 2656 a,
1353 2587 1382 2641 3.

429 2680 464 2736 V,
474 2681 575 2737 22-23.
585 2681 736 2758 Πνεῦμα...
749 2681 885 2755 Ernesti,
895 2680 1136 2740 Lexic.'l'echnol.
1145 2701 1189 2759 gr.
1200 2681 1264 2752 tth,
1272 2699 1302 2758 p.
1313 2681 1384 2753 ²73²

391 2803 403 2828 ι
418 2776 551 2852 Denique
567 2781 674 2854 πνεῦμα
684 2777 800 2850 dicitur,
815 2797 880 2856 qnae
894 2779 989 2838 Latini
1010 2783 1100 2836 tatem
1116 2779 1281 2857 appellant,
1293 2779 1384 2854 inque

390 2870 509 2931 robusta
528 2893 600 2932 voce
622 2874 735 2932 inest.»

429 2971 465 3028 V.
481 2971 528 3032 23.
551 2969 606 3030 Καὶ
627 2969 797 3052 προσώπου..
813 2973 899 3041 .Cic.,
909 2973 927 3031 l.
943 2975 972 3046 1.,
989 2973 1045 3049 59:
1060 3000 1072 3024 ιι
1084 2974 1117 3031 ln
1130 2993 1181 3030 ore
1194 2985 1260 3031 sunt
1269 2972 1381 3029 omnia:

391 3069 420 3125 in
445 3087 482 3124 eo
515 3079 610 3126 autem
641 3068 705 3146 ipso
737 3068 901 3127 dominatus
929 3081 972 3126 est
1000 3069 1093 3126 omnis
1123 3069 1322 3129 occulorum..
1348 3110 1383 3124 ..

391 3164 486 3224 Animi
505 3176 548 3222 est
575 3165 651 3222 enim
666 3165 759 3224 omnis
774 3166 876 3233 Actio,
893 3177 922 3224 et
932 3166 1027 3246 imago
1041 3163 1129 3223 animi
1145 3166 1243 3224 vultus
1265 3179 1321 3238 est,
1334 3165 1383 3222 in-

390 3261 468 3321 dices
493 3261 580 3320 oculi.
598 3261 671 3322 Nam
700 3261 762 3322 haec
788 3276 831 3322 est
861 3283 919 3322 una
950 3283 1016 3341 pars
1042 3263 1187 3342 corporis,
1212 3284 1289 3342 quae,
1311 3276 1384 3341 quot

391 3359 480 3416 animi
500 3371 595 3416 motus
610 3371 677 3416 sunt
687 3372 753 3432 ,tot
764 3359 985 3439 significationes
997 3373 1026 3418 et
1041 3362 1279 3418 commutationes
1293 3361 1386 3438 possit

391 3456 529 3513 efficere.»
549 3455 684 3527 Quinctil.
707 3457 798 3531 x1,3
817 3459 1037 3516 :abominatur
1058 3470 1155 3515 autem
1177 3458 1300 3516 maxime
1319 3457 1386 3513 vul-

393 3563 461 3610 tus:
484 3552 541 3609 hoc
562 3553 796 3632 supplices,'lioc
822 3555 962 3627 minaces,
976 3555 1033 3614 hoo
1057 3553 1174 3629 blandi,
1190 3556 1246 3613 hoc
1271 3555 1387 3628 tristes,

392 3649 449 3708 hoc
471 3648 595 3718 hilares,
609 3650 665 3709 hoc
685 3653 793 3724 erecti,
805 3652 861 3710 hoc
885 3653 1029 3711 summissi
1054 3673 1151 3712 sumus
1164 3675 1173 3726 ;
1184 3653 1241 3711 hoc
1256 3637 1388 3730 pendent

392 3747 540 3821 homines,
564 3748 641 3807 hunc
661 3750 829 3823 intuentur,
856 3751 933 3809 hunc
956 3765 1105 3830 spectant,
1120 3753 1208 3810 etiam
1230 3757 1386 3829 autequam

392 3841 529 3915 dicimus;
551 3843 608 3902 hoc
630 3845 769 3922 quosdam
799 3845 1011 3919 amamus,hoc
1035 3847 1160 3917 odimus3
1183 3847 1240 3904 hoc
1262 3845 1388 3925 plurima

392 3941 591 4018 intelligimus,
612 3941 662 3998 hic
682 3954 725 4000 est
748 3962 823 4021 saepe
839 3962 894 4021 pro
916 3943 1052 4002 om'uibus
1068 3943 1186 4004 verbis.»
1200 3944 1243 4003 Cl.
1264 3945 1387 4003 Gerard.

392 4038 476 4096 ioan.
491 4040 583 4111 Voss,
598 4039 617 4098 l.
633 4038 663 4111 1.,
674 4043 742 4117 Cap.
755 4039 809 4112 xi,
827 4041 853 4098 3.
1309 4040 1316 4060 ⁹

432 4134 464 4191 V.
491 4136 597 4202 23-24.
624 4133 678 4194 Καὶ
702 4138 847 4218 χειρῶν...
877 4137 1014 4207 Quinctil.
1040 4138 1057 4194 l.
1074 4137 1090 4195 l.
1118 4160 1125 4194 :
1151 4137 1278 4195 «Manus
1300 4158 1389 4210 vero,

394 4230 454 4287 sine
468 4229 575 4309 quibus
593 4247 694 4292 trunca
714 4246 791 4292 esset
808 4235 893 4292 Actio
907 4254 941 4292 ac
954 4234 1067 4308 debilis,
1078 4235 1127 4292 vix
1140 4235 1197 4292 dici
1210 4247 1305 4312 potest
1316 4249 1390 4312 quot
1438 4304 1447 4326 υ

394 4335 488 4383 motus
502 4323 640 4403 habeant,
660 4347 754 4404 quum
776 4349 857 4406 paene
873 4329 965 4408 ipsam
979 4326 1135 4388 verborum
1154 4329 1267 4407 copiam
1289 4349 1390 4406 perse-
