3194 5286
614 535 838 609 COLUMNA
865 541 942 608 XII.
1139 539 1185 612 25
1272 594 1275 600 -

392 777 405 796 ,
421 728 478 784 tos
490 735 614 793 rursus
625 711 721 784 idem
735 711 900 810 Sophiste
916 711 1068 804 induxit,
1080 729 1188 811 atque

419 869 604 941 Philonem
631 868 866 942 architectum
894 870 989 969 apud
1010 873 1187 971 populum

422 1017 466 1089 de
498 997 775 1090 armamentario
806 1021 1017 1092 concionem
1051 1019 1186 1094 haben·
1309 1037 1325 1046 ‘

429 1190 512 1246 tem.
531 1179 607 1246 Diis
621 1189 741 1247 autem
750 1176 967 1270 volentibus,
981 1207 1098 1280 neque
1110 1182 1191 1255 rhe-

428 1338 549 1409 toricis
563 1335 878 1408 exercitationibus
889 1342 962 1408 vim
975 1339 1144 1414 addentes
1153 1346 1191 1412 in

429 1491 557 1564 harum
596 1495 892 1566 exercitationum
926 1496 1046 1568 studio
1082 1501 1191 1570 vitam

429 1652 624 1738 triverunt3
682 1671 802 1748 neque
854 1652 1040 1726 assuefacti
1105 1671 1192 1726 sunt

424 1802 645 1897 cuicumque
690 1804 741 1872 rei
785 1800 1048 1901 disceptandas,
1085 1820 1194 1902 atque

393 2019 395 2026 .
427 1971 492 2045 per
507 1949 594 2021 tales
610 1952 879 2022 exercitationes
892 1975 965 2022 non
985 1952 1076 2025 male
1093 1977 1194 2052 pera·

427 2105 572 2200 gendae,
592 2122 653 2179 aut
675 2106 719 2178 ad
744 2107 883 2180 bonum
908 2075 1050 2180 enitum¹
1065 2109 1195 2208 perdu-

429 2262 550 2334 cendae
573 2275 683 2360 quam
706 2264 900 2336 celerrime.
938 2268 1080 2338 Nemini
1106 2291 1193 2338 vero

428 2423 639 2495 Nostrorum
697 2437 796 2494 tanta
852 2423 1001 2496 facultas
1048 2447 1193 2496 conces·

236 2578 355 2628 GM·
427 2599 466 2650 sa
499 2575 578 2652 tuit.
613 2573 695 2674 qIIn
721 2579 868 2652 Artibus
890 2595 1008 2652 autern
1024 2584 1097 2652 suis
1117 2583 1195 2679 qui·
1302 2675 1304 2687 Ι

241 2719 349 2843 ,cl-'mim
430 2752 513 2824 dam
554 2751 788 2823 Athenienses
822 2752 1009 2824 Actionem
1051 2757 1196 2824 maximi

427 2926 659 2997 aestimarunt.
706 2919 742 2994 Si
773 2929 855 3021 quis
885 2905 962 2997 eam
995 2925 1195 3022 possideat,
1303 2937 1309 2990 Ξ

420 3085 562 3182 gravior
574 3086 651 3180 ipse
661 3081 843 3178 judicatur
858 3109 866 3151 ε
883 3082 920 3154 id
936 3107 1083 3179 quoque
1095 3081 1194 3154 hunc

428 3248 646 3343 pervincere,
656 3258 699 3314 ut
717 3242 865 3316 audiens
882 3247 974 3314 circa
988 3268 1065 3315 rem
1083 3267 1193 3315 unam

430 3396 542 3490 magis
565 3391 784 3483 detineatur,
830 3398 1025 3491 omniaque
1068 3394 1195 3466 intelli-

426 3558 486 3640 gat
541 3556 652 3639 atque
701 3546 872 3615 memoria
918 3560 1056 3632 teneat,
1089 3545 1195 3617 vehe-

428 3709 642 3792 menterque
660 3709 948 3784 commoveatur,
976 3696 1052 3768 aliis
1068 3699 1195 3769 conve·

428 3846 567 3916 nienter
586 3845 662 3916 hae'c
679 3846 952 3944 peragentibus,
981 3846 1193 3945 profitemur

427 3993 603 4090 quidem;
657 4008 811 4065 attamen
870 4020 942 4066 non
1000 3993 1044 4065 ad
1096 3992 1190 4064 Rbe-

1033 4177 1070 4220 12
