3174 5284
382 547 429 646 96
703 533 1055 611 ANNOTATIONES

382 703 440 764 tevi
472 700 644 770 mutatione,
675 695 839 788 notetur
875 694 978 755 elicere
1008 678 1369 758 ΔΙΕΚΛΑΜΨᾹΝ.

424 801 650 876 Ὴ-ή.οὐκιίπ“ο
658 803 711 860 τῶν
719 802 876 882 σοφιστικῶν
883 797 1299 881 παραγγελμότιον...ὃορ1ιίεῑοο
1306 812 1372 857 aeta-

387 907 423 964 es
436 925 494 962 suae
504 889 652 980 mimium
666 899 856 978 ροιιιιιιιιιιι
873 899 984 958 ravenn
999 899 1130 957 simitum
1140 898 1227 958 tsoer.
1238 897 1308 955 ιιι.
1319 899 1373 956 so-

387 1000 713 1084 phist.v‚ed.coray:0t
724 994 802 1076 μόνον
810 993 839 1054 δὲ
848 994 957 1069 τούτοις,
963 993 1032 1055 ἀλλὰ
1043 993 1088 1055 καί
1096 1004 1149 1063 τοῖς
1157 994 1220 1062 τοὺς
1227 992 1375 1060 πολιτικούς

387 1101 480 1180 λόγους
498 1095 735 1179 ὑπισχνουμένοις,
756 1090 827 1161 όξιον
848 1093 1018 1169 ἐπιτιμῆσαι·
1039 1092 1084 1152 καί
1099 1090 1151 1173 γὰρ
1164 1093 1258 1152 ἐκεῖνοι
1271 1094 1318 1162 τῆς
1329 1087 1376 1168 μὶν

388 1195 510 1270 ἀληθείας
526 1194 599 1256 ούδίν
625 1188 821 1275 φροντίζουσιν,
851 1191 978 1267 ήγοῦνται
996 1185 1025 1246 δί
1040 1188 1111 1248 τοῦτ’
1125 1177 1193 1247 εἶναι
1205 1186 1256 1262 τήν
1271 1185 1377 1267 τέχνην,

390 1294 423 1366 ἢν
448 1297 483 1361 ὣς
502 1291 688 1369 πλείστουςτῇ
711 1284 868 1369 σμικρότητι
886 1290 933 1344 τοῦ
957 1289 1062 1363 μισθοῦ,
1081 1285 1126 1344 καὶ
1145 1289 1186 1368 τῷ
1205 1284 1309 1366 μιγίθιι
1326 1286 1378 1344 τῶν

392 1388 600 1471 ἐπαγγελμότων
614 1385 852 1465 προσαγόγιονται,
871 1382 917 1444 καὶ
932 1382 1024 1444 λαόιῖν
1046 1407 1073 1443 τι
1093 1383 1156 1466 παρ’
1166 1385 1254 1444 αὐτῶν
1264 1383 1381 1455 δυνηθῶ-
1406 1391 1410 1398 ’

394 1509 436 1546 σιν
456 1488 514 1547 κτλ.

435 1585 469 1642 V.
483 1594 564 1654 ή-ιο.
578 1577 809 1660 Ἦμᾶς-τριύῆς
825 1578 962 1660 χωρίς...
982 1580 1031 1640 Me
1041 1578 1163 1640 multum
1174 1577 1285 1656 diuque
1299 1579 1384 1647 torsi,

396 1683 426 1740 in
449 1679 506 1738 hoc
521 1676 698 1760 restituendo
711 1676 786 1735 ioco.
801 1675 875 1734 Satis
888 1675 1002 1736 confido
1015 1673 1210 1752 conjecturam
1221 1693 1314 1733 mmm
1326 1693 1385 1732 non

398 1778 517 1838 omnino
529 1795 591 1834 esse
603 1775 723 1832 alienam
737 1793 755 1832 a
768 1773 900 1832 doctrina
912 1774 1032 1853 Epicuri
1048 1774 1098 1851 qui
1111 1772 1262 1831 dictitabat
1276 1794 1284 1832 ι
1300 1769 1387 1836 Φύσις

398 1872 451 1954 γάρ
462 1874 562 1942 ἐστινή
577 1861 741 1950 κατορθοῦσα
752 1867 854 1946 λόγους·
872 1866 951 1948 τέχνη
965 1865 994 1928 δὲ
1008 1867 1131 1946 οὐδεμία,
1148 1880 1218 1929 teste
1232 1869 1307 1926 Mux-
1317 1869 1388 1929 Pta-

401 1970 471 2030 nud.
491 1968 586 2029 Schol.
604 1969 634 2024 in
656 1968 789 2044 Hermog.
808 1966 851 2024 De
875 1957 999 2036 Formis,
1012 1966 1046 2035 λς
1063 1966 1115 2026 tth.
1136 1984 1178 2042 gr.
1199 1965 1291 2048 Μία.
1316 1977 1336 2023 t.
1354 1965 1390 2036 t,

402 2088 431 2147 p.
444 2073 511 2138 ,ήήι
526 2087 534 2136 3
551 2061 744 2142 sophisticam
772 2062 943 2139 impugnans
967 2061 1104 2139 quidem,
1130 2081 1270 2140 germanae
1293 2074 1388 2120 autem

402 2163 565 2224 Rhetoricae
588 2180 647 2218 non
669 2157 811 2231 infensus,
824 2159 859 2218 cf.
881 2157 1018 2236 Gasscnd.
1033 2160 1076 2218 De
1096 2159 1163 2218 vita
1186 2160 1307 2239 Epicuri
1326 2171 1392 2232 cte„

385 2279 388 2288 ⁴
404 2261 456 2320 lib.
470 2261 546 2336 vlll,
558 2279 586 2334 9.
596 2259 659 2316 Hoc
673 2258 753 2328 ioco,
764 2257 878 2329 Noster,
893 2257 1022 2338 magistri
1035 2258 1080 2316 sui
1091 2259 1241 2336 exemplo,
1254 2257 1393 2316 lacessere

405 2357 522 2416 videtur
544 2374 594 2416 eos
609 2353 674 2431 qui,
688 2352 748 2410 sola
766 2352 845 2412 Artis
865 2372 936 2431 ope,
950 2354 1143 2432 eloquentiam
1165 2373 1195 2414 se
1216 2366 1395 2414 assecuturos
1508 2369 1511 2378 '

407 2473 469 2512 esse
483 2449 705 2518 existimuhaut;
722 2470 781 2508 non
799 2449 865 2508 ideo
886 2462 982 2528 tamen
1003 2450 1142 2514 diffitetur
1159 2451 1307 2529 ingenium
1328 2469 1397 2508 vera

409 2550 541 2610 doctrina
558 2549 823 2628 exercitationesque
848 2547 1000 2628 adjuvari;
1028 2550 1058 2608 in
1082 2567 1141 2628 quo
1163 2549 1307 2611 consentit
1330 2569 1397 2610 cum

411 2649 549 2718 Platone,
561 2647 591 2703 in
604 2645 718 2734 Phaedr.
732 2646 818 2704 Bekis.
833 2628 879 2705 σθ’.
889 2646 984 2706 Ιιοιιύ.
1002 2648 1090 2724 ιδοθ,
1102 2659 1122 2710 t.
1136 2647 1159 2718 1,
1169 2665 1199 2724 p.
1213 2648 1288 2724 169:
1303 2647 1338 2708 Et
1350 2643 1397 2723 μέν

413 2768 454 2804 σοι
466 2741 579 2826 ύπόρχιι
591 2739 668 2824 ρύσει
678 2744 808 2823 ῥητορικῷ
820 2731 901 2818 εἶναι,
916 2739 969 2801 ἔσει
983 2741 1070 2825 ῥήτωρ
1082 2741 1229 2821 ἐλλόγιμος,
1240 2741 1398 2826 προσλαόὼν

412 2838 562 2917 ἐπιστήμην
573 2859 603 2896 τε
619 2835 666 2896 καὶ
683 2835 805 2914 μελέτην.
830 2839 940 2897 Eadem
956 2838 1042 2897 docet
1065 2841 1154 2898 Isocr.
1179 2841 1198 2897 Ι.
1214 2840 1254 2909 1.,
1277 2840 1334 2913 ΙΧ,
1355 2841 1400 2901 ed.

415 2941 538 3014 (braye.
555 2933 611 2996 Καὶ
625 2934 662 2992 δεῖ
679 2933 724 2992 τὸν
746 2932 794 3012 μὲν
809 2934 931 3013 μαθητήν
950 2935 1014 3019 πρὸς
1029 2939 1067 3017 τῷ
1087 2935 1135 3009 τήν
1150 2935 1226 3019 φύσιν
1242 2932 1323 3017 ἔχειν,
1345 2935 1402 2996 οἵαν
1493 2969 1497 2980 ·

416 3033 484 3117 χρή,
497 3031 532 3092 τόι
542 3029 591 3110 μὲν
603 3029 661 3101 είδη
675 3031 728 3089 τῶν
741 3028 827 3110 λόγων
838 3036 946 3109 μαθεῖν,
960 3033 1020 3115 περί
1035 3033 1063 3092 δὲ
1078 3029 1126 3103 τὰς
1141 3031 1249 3114 χρήσεις
1262 3035 1349 3094 αὐτῶν
1360 3057 1404 3112 γυ-

419 3135 566 3212 μνασθῆναι
574 3129 649 3202 κτλ.;
662 3129 772 3206 Syrian.
788 3130 950 3208 Prolegom.
962 3130 992 3187 in
1004 3133 1139 3209 Hermog.
1154 3133 1196 3190 ue
1208 3132 1319 3191 Formis
1330 3176 1339 3202 ‚
1350 3131 1404 3190 λλ.

418 3250 461 3307 gr.
470 3228 560 3286 Walz.
578 3237 598 3282 t.
609 3225 674 3296 vlt,
689 3244 719 3302 p.
735 3247 790 3302 91:
805 3225 893 3308 Χωρὶς
904 3225 956 3309 γὰρ
965 3224 1061 3308 τίχνης
1077 3225 1192 3299 ἀνόνητα
1203 3225 1238 3288 τό
1247 3229 1295 3299 τῆς
1306 3225 1408 3308 φύσεως

419 3319 647 3398 πλεονεκτήματα.
864 3352 866 3356 ·

461 3421 496 3476 V.
521 3437 565 3476 ιο.
576 3412 689 3495 Τριόῆς.
704 3461 729 3476 ..
752 3417 839 3496 Apud
861 3419 986 3477 Ernesti.
1002 3420 1021 3478 1.
1035 3421 1054 3480 1.
1069 3421 1149 3479 deest
1162 3441 1223 3480 vox
1236 3419 1314 3506 τριόή
1325 3421 1411 3499 cujus

423 3517 482 3572 vim
499 3513 601 3572 definit
615 3517 761 3594 Doxopat.
779 3513 941 3592 Prolegom.
964 3514 1082 3574 Rhetor.
1104 3517 1123 3574 l.
1140 3518 1179 3589 t„
1202 3529 1222 3575 t.
1234 3518 1280 3591 lt,
1301 3538 1330 3596 p.
1353 3519 1409 3591 78:

425 3610 514 3694 Τριόὴ
527 3611 578 3694 γάρ
591 3615 648 3674 ἐστι
666 3614 711 3672 καί
724 3609 911 3692 προπαίδευσις
923 3609 954 3670 τθ
971 3611 1106 3694 ῥητορικὸν
1120 3613 1334 3695 προγύμνασμα,
1347 3637 1413 3698 προ-

426 3704 587 3768 παιδεύουσα
600 3713 672 3789 ἡμᾶς
686 3707 732 3767 καλ
753 3711 925 3787 προασκοῦσα
943 3709 981 3780 εἰς
1002 3707 1036 3768 τό
1055 3712 1102 3781 τῆς
1125 3715 1265 3794 ῥητορικῆς
1277 3711 1344 3788 είδη,
1366 3711 1413 3774 καὶ

429 3808 466 3876 οἷς
478 3803 513 3864 τό
525 3802 593 3887 μέρη
604 3809 651 3866 τοῦ
666 3805 803 3864 πολιτικοῦ
815 3800 903 3880 λόγου.

469 3911 504 3963 V.
521 3923 565 3962 ra.
581 3908 738 3982 Δεῖγμα...
758 3901 837 3975 Quid
847 3901 922 3966 inter
934 3903 1044 3982 δεῖγμα,
1062 3904 1246 3988 παρόδειγμα,
1268 3904 1415 3986 ὑπόδειγμα

430 4001 551 4075 intersit,
563 3999 649 4058 docet
659 4001 761 4059 ioann.
778 3998 917 4071 Siceliot.,
931 3999 1029 4062 Schol.
1041 4001 1071 4059 in
1081 4004 1220 4080 Hermog.
1243 4004 1286 4060 De
1297 4003 1419 4075 Formis,

431 4096 528 4174 1,l.t
545 4096 633 4169 tVl,
659 4115 687 4173 p.
704 4097 779 4155 123:
806 4094 886 4172 Φημὶ
906 4093 992 4156 τοίνυν
1012 4093 1082 4174 ἐγὼ,
1098 4096 1244 4175 ὡςγενικόν
1259 4098 1358 4158 ἔστιτὸ
1372 4105 1424 4162 τοῦ
