3194 5286
1064 547 1204 608 LXXXV

207 691 371 787 Pergami
386 691 528 772 Crates,
550 684 726 756 diversum
737 689 852 758 secuti
871 701 956 760 snut
972 689 1129 766 docendi
1153 723 1206 770 ra·

206 805 347 872 tionem
362 797 475 896 (sor).
504 796 560 868 Ad
575 810 743 868 senatum
762 801 890 870 missus
904 798 951 871 ab
962 803 1105 894 Attalo,
1134 812 1206 880 Ro·

206 990 234 1050 δὲ
249 997 297 1050 τοῦ
313 987 421 1064 παιδὸς,
444 986 516 1048 οὐδὲν
533 977 566 1060 ἦν
579 985 654 1069 ἔργον
669 985 752 1055 οὕτως
767 991 919 1068 ἀναγκαῖον,
934 993 957 1051 εἰ
975 993 1013 1070 μή
1031 1017 1059 1054 τι
1069 995 1209 1076 δημόσιον,

205 1091 239 1154 ὡς
254 1085 292 1168 μὴ
307 1093 431 1168 παρεῖναι
450 1083 602 1166 τῇγυναικλ
613 1083 726 1163 λουούσῃ
744 1084 775 1144 τὸ
786 1084 881 1168 βρέφος
897 1087 942 1146 καί
957 1091 1159 1176 σπαργανούσῃ.
1172 1141 1201 1157 ..

205 1183 284 1244 'End
307 1183 330 1242 δ’
353 1181 451 1266 ἤρξατο
478 1180 608 1255 συνιέναι,
632 1180 795 1262 παραλαόὼν
815 1182 893 1253 οὗτὸς
909 1183 1031 1246 ἐδίδασκε
1043 1189 1205 1271 γράμματα·

204 1281 291 1340 καίτοι
304 1277 433 1362 χαρίεντα
447 1279 539 1338 δοῦλον
553 1267 609 1359 εἶχε
621 1276 845 1359 γραμμοτιοτλν,
861 1279 947 1359 ὄνομα
958 1282 1077 1360 Χίλωνα,
1094 1285 1208 1356 πολλοὺς

204 1378 363 1438 διδάσκοντα
375 1375 480 1442 παῖδας.

203 1533 208 1546 ,
244 1476 327 1552 (cot)
349 1475 415 1536 Aul.
428 1471 502 1532 Gell.
513 1471 550 1543 ll,
564 1471 620 1532 25:
640 1473 693 1530 «lu
708 1471 799 1530 latino
811 1491 955 1552 sermone,
969 1476 1043 1534 sicut
1057 1479 1088 1536 in
1099 1499 1204 1558 graeco,

204 1570 417 1652 ολίίᾍναλογίαν
427 1565 604 1648 sequendam
618 1581 805 1646 putaverunt,
817 1569 865 1628 alii
876 1568 1051 1649 Ἄνωμαλίαν.
1065 1572 1205 1654 Ἀναλογία

203 1682 246 1728 est
254 1669 391 1726 similium
397 1666 498 1725 similis
506 1664 670 1738 declinatio,
676 1685 762 1743 quam
770 1666 887 1742 quidam
893 1667 980 1726 latine
986 1673 1205 1748 proportionem

204 1779 319 1826 vocant.
329 1762 530 1841 'Auupahlaest
537 1762 718 1840 inaequalitas
726 1762 954 1823 declinationum
965 1769 1203 1828 consuetudinem

203 1884 334 1942 sequens.
348 1866 416 1922 Duo
427 1875 524 1920 antem
537 1862 622 1938 graeci
635 1862 815 1938 grammatici
837 1863 962 1922 illustres
975 1865 1159 1926 Aristarchus
1174 1881 1204 1926 et

202 1963 314 2035 Crates,
326 1979 512 2038 summaope,
523 1957 573 2016 ille
583 1956 746 2036 Ἆναλογίαν,
756 1958 805 2017 hic
813 1957 980 2037 Ἀνωμαλίαν
993 1961 1203 2024 ἀείοῐιείῑονίῑ.»

203 2059 306 2132 Varro,
320 2060 358 2118 de
367 2059 451 2135 Ling,
463 2057 527 2114 Lat.
539 2057 597 2127 IX,
608 2075 620 2112 1
632 2077 639 2112 ι
651 2081 678 2113 α.
690 2098 699 2113 .
712 2101 718 2114 .
731 2057 885 2116 .Nescinnt
897 2057 1003 2117 docere
1014 2079 1101 2138 quam
1111 2061 1203 2122 disce-

202 2177 243 2229 re,
257 2177 323 2234 quae
335 2157 480 2233 ignorant.
492 2155 524 2213 ln
540 2172 600 2230 quo
611 2151 666 2210 fuit
679 2153 788 2226 Crates,
803 2153 910 2212 nobilis
926 2159 1140 2233 grammaticus,
1150 2161 1204 2237 qui

202 2255 293 2312 fretus
308 2254 475 2330 Chrysippo
493 2250 610 2308 homine
629 2249 811 2319 acutissimo,
833 2251 885 2328 qui
904 2251 1022 2330 reliquit
1043 2274 1092 2312 sex
1111 2252 1203 2314 libros

201 2351 260 2434 περί
276 2349 440 2428 ἀνωμαλίας,
452 2348 515 2407 heis
532 2345 613 2405 libris
634 2358 736 2405 contra
747 2346 889 2424 ἀναλογίαν
901 2360 987 2426 atque
1001 2351 1201 2410 Aristarchum

202 2463 245 2508 est
255 2450 360 2517 nixus3
371 2447 420 2506 sed
429 2447 482 2516 ita,
493 2457 526 2503 ut
540 2443 648 2522 scripta
660 2445 791 2502 indicant
802 2443 874 2521 ejus,
887 2457 920 2501 ut
929 2446 1202 2507 neutriusvideatur

201 2545 363 2622 pervidisse
376 2544 574 2610 voluntatem,
590 2541 669 2618 quod
684 2552 713 2598 et
725 2541 915 2619 Chrysippus,
924 2541 961 2600 de
974 2542 1201 2621 inaequabilitate

201 2662 290 2720 quum
300 2640 402 2700 scribit
416 2639 566 2710 sermonis,
578 2639 761 2714 propositum
774 2636 863 2696 habet
874 2639 1025 2698 ostendere
1037 2641 1143 2699 similes
1156 2661 1201 2702 res

200 2738 389 2798 dissimilibus
398 2738 508 2810 verbis,
528 2748 557 2795 et
578 2735 767 2795 dissimilibus
779 2737 885 2794 similes
906 2757 968 2796 esse
978 2739 1132 2798 vocabulis
1143 2761 1200 2800 no-

201 2849 273 2895 tatas
284 2836 328 2914 (id
339 2836 419 2913 quod
427 2848 471 2892 est
481 2819 610 2909 verum);
623 2845 651 2892 et
665 2833 744 2911 quod
753 2833 991 2905 Aristarchus,de
1005 2835 1201 2914 aequabilitate

200 2954 288 3010 quum
309 2931 408 2992 scribit
421 2944 450 2991 et
463 2932 500 2989 de
514 2929 671 2989 verborum
688 2931 886 3003 similitudine,
909 2933 1101 3008 quorumdam
1118 2934 1202 2992 incli-

199 3033 330 3089 nationes
343 3032 425 3108 sequi
436 3029 535 3107 jubet,
551 3027 647 3106 quoad
662 3029 790 3104 patiatur
802 3029 993 3087 consuetudo.
1006 3057 1019 3082 »

239 3131 283 3187 De
298 3129 420 3188 Cratetis
439 3139 468 3185 et
487 3125 648 3186 Aristarchi
662 3126 887 3198 controversiis,
918 3127 1031 3204 legendi
1049 3128 1198 3202 Schmidt,

200 3225 366 3283 Stoicorum
380 3221 605 3297 Grammatica§
625 3222 648 3295 l,
659 3240 688 3299 p.
707 3229 780 3291 ²·43
794 3227 809 3292 §
823 3221 872 3292 Vl,
882 3232 943 3280 not.
957 3221 1003 3295 50,
1012 3241 1040 3300 p.
1055 3223 1197 3294 30-33;J.

201 3325 232 3380 A.
243 3323 275 3381 C.
290 3321 352 3380 Van
365 3321 493 3391 Heusde,
512 3317 661 3396 Disquisit.
677 3317 714 3374 de
727 3318 759 3375 L.
776 3317 851 3376 AElio
872 3319 998 3391 Stilone,
1020 3320 1145 3398 Trajecti
1163 3322 1199 3381 ad

199 3417 346 3490 llhenum,
362 3419 451 3494 1839,
467 3437 495 3494 p.
510 3416 613 3473 22-25.
630 3415 717 3472 Wolf.
730 3415 891 3492 Prolegom.
905 3416 942 3473 ad
955 3417 1070 3476 Homer.
1080 3440 1109 3497 p.
1121 3421 1179 3493 278
1193 3443 1200 3477 ο

201 3516 386 3574 «Permirum
396 3527 449 3588 cst,
457 3517 487 3573 iu
496 3513 598 3592 paucis
609 3511 936 3590 reliquiisCratetissatis
949 3517 1110 3591 argumenti
1125 3537 1197 3587 esse,

200 3625 231 3670 nt
244 3611 350 3690 quibus
366 3611 404 3670 de
417 3611 504 3670 rebus
527 3631 594 3670 cnm
613 3610 782 3669 Aristarcho
803 3611 995 3683 contenderit,
1012 3626 1040 3671 et
1057 3630 1198 3692 quantum

199 3709 321 3769 inferior
331 3710 419 3768 fuerit
434 3709 503 3780 illo,
520 3707 659 3784 suspicari
674 3707 768 3766 liceat.
784 3708 847 3766 lmo
868 3709 975 3767 nullius
991 3723 1124 3770 veterum
1136 3713 1194 3769 cri·

199 3806 320 3863 ticorum
333 3806 481 3884 ingenium
492 3818 521 3862 et
534 3803 696 3862 doctrinam
707 3802 792 3860 nobis
803 3815 860 3861 tam
870 3803 945 3864 bene
960 3825 1047 3864 nosse
1067 3807 1196 3887 videmur

198 3919 282 3976 quam
297 3901 432 3961 Cratetis.
454 3905 495 3959 Ac
510 3901 636 3977 primum
651 3897 778 3976 quidem,
794 3919 884 3976 quum
896 3902 1078 3960 Aristarchus
1089 3905 1195 3960 llotne—

198 4017 262 4055 rum
273 3998 310 4057 ad
322 3997 536 4076 simplicitatem
548 3998 710 4076 priscorum
722 4007 898 4074 temporum,
909 4018 968 4055 non
977 3999 1014 4056 ad
1027 4017 1117 4055 novus
1131 4001 1194 4074 opi·

197 4095 297 4153 niones
312 4107 420 4153 temere
432 4095 551 4172 affictas,
563 4095 749 4171 interpretati
770 4095 955 4164 instituisset,
969 4097 1068 4154 Crates
1080 4097 1194 4154 Stoicus

198 4191 296 4268 gloriae
308 4193 380 4250 vatis
401 4193 475 4251 male
496 4193 610 4250 consuli
628 4191 760 4270 putavit,
780 4191 835 4249 nisi
850 4192 905 4269 ipsi
926 4192 1100 4270 multiplices
1117 4207 1191 4251 artes
1276 4227 1278 4235 ·
