3194 5286
905 389 911 417 l

582 559 809 635 coruunt
831 562 955 630 xvrn.
1131 561 1174 658 37

401 775 541 857 atque,
588 762 686 858 quod
715 763 782 834 ·ad
832 771 962 840 tonum
1016 765 1176 853 adtinet,

296 906 303 912 ’
403 913 505 1006 quasi
545 937 628 983 una*
665 925 701 983 et
737 913 862 1002 eadem
896 938 953 985 res
991 929 1177 1010 ageretur,

410 1056 622 1128 informata:
641 1053 784 1130 dicendi
802 1063 897 1129 enirn
918 1083 1030 1156 genus
1046 1058 1179 1160 perfra-

408 1179 533 1292 ctum,
562 1208 666 1275 omni
698 1203 743 1275 de
785 1229 823 1274 re
859 1203 1073 1293 conflatum,
1117 1230 1181 1276 vo·

409 1358 457 1431 eis
474 1359 676 1424 intentione
693 1378 733 1424 ao
759 1359 980 1444 remissione,
1000 1354 1178 1451 ejusdem-

409 1527 481 1598 que
516 1493 706 1603 pathetiois
735 1503 1023 1602 depositionibus
1054 1505 1203 1576 (listin-¹

411 1667 509 1722 ctum
528 1649 692 1748 rejecisse
716 1657 912 1728 Isocratem
926 1682 935 1744 ;
948 1668 990 1725 ut
1009 1661 1072 1751 qui
1091 1654 1179 1724 leni·

412 1805 474 1870 tati
503 1799 642 1898 ubique
669 1804 869 1878 inserviret.
887 1805 1008 1893 Quamv
1033 1803 1180 1874 obrem

411 1950 592 2018 orationes
625 1947 670 2018 ab
700 1948 944 2047 hoe,soriptas
980 1949 1048 2046 legi
1077 1959 1183 2047 po'sse

410 2121 499 2170 voce
512 2103 715 2190 summissa,
727 2114 793 2174 aut
811 2099 996 2172 nonelata
1014 2123 1182 2197 prorsus3

413 2270 634 2343 quamquain
661 2247 853 2320 artificiosa
879 2252 1094 2320 tractatione
1118 2272 1183 2346 per

400 2403 532 2487 omnia
541 2413 686 2470 versent
699 2425 781 2470 eum
797 2403 860 2496 qui
873 2397 951 2469 illas
971 2399 1115 2497 publice
1129 2398 1182 2469 di·

414 2533 541 2644 eitpvel
557 2551 707 2621 Actione
726 2548 878 2647 sublata.
888 2553 1060 2621 Praeterea
1073 2547 1182 2620 tradit

414 2720 594 2776 oratorem
637 2677 757 2788 illurn,
785 2687 950 2797 quamvis
980 2726 999 2772 e
1036 2703 1183 2797 regione

413 2852 640 2948 politicarum
683 2873 804 2919 rerum
840 2873 985 2946 semper
1028 2853 1183 2936 steterit,

416 3000 622 3071 disseruisse
672 2997 716 3068 (le
752 2998 919 3086 Politice,
954 2997 1184 3095 effusumque

415 3147 525 3220 fuisse
559 3153 598 3224 in
632 3169 671 3216 ea
706 3172 786 3242 quae
811 3145 977 3218 efficiunt
1009 3146 1185 3218 elocutio-

415 3323 499 3368 nem
540 3299 695 3396 politicis
730 3313 766 3370 et
799 3297 1038 3368 deliberativis
1077 3298 1185 3368 rebus

353 3531 356 3534 ¹
416 3453 702 3536 convenientem,
719 3472 794 3517 non
812 3443 1055 3520 effeminatam
1076 3441 1201 3544 atque

416 3602 726 3686 insusurrantem
775 3597 1017 3693 eloquentiam
1074 3596 1185 3694 igitur

371 3745 375 3752 ”
416 3747 493 3840 ejus
534 3752 584 3819 ita
621 3772 657 3818 se
694 3713 852 3833 habere,
886 3745 1036 3844 perinde
1073 3770 1115 3817 ac
1156 3751 1185 3816 si

416 3900 516 3993 quis,
535 3887 661 3968 villosa
683 3911 718 3966 et
743 3921 872 3992 magna
900 3921 1055 3994 persona
1079 3883 1187 3992 eapiti

412 4069 482 4116 suo
508 4049 695 4141 imposita,
714 4046 857 4142 pueruli
878 4070 1001 4116 vocem
1036 4047 1184 4114 emittat.

417 4191 458 4264 ld
498 4217 646 4288 quoque
702 4193 810 4282 dicit,
852 4199 1044 4264 Isocratem
1092 4197 1186 4262 Grae·
