<?xml version="1.0" encoding="UTF-8"?>
<!DOCTYPE html PUBLIC "-//W3C//DTD XHTML 1.0 Transitional//EN"
    "http://www.w3.org/TR/xhtml1/DTD/xhtml1-transitional.dtd">
<html xmlns="http://www.w3.org/1999/xhtml" xml:lang="en" lang="en">
 <head>
  <title>
</title>
<meta http-equiv="Content-Type" content="text/html;charset=utf-8" />
  <meta name='ocr-system' content='tesseract 3.04.00' />
  <meta name='ocr-capabilities' content='ocr_page ocr_carea ocr_par ocr_line ocrx_word'/>
</head>
<body>
  <div class='ocr_page' id='page_1' title='image "./philodemirhetor01philgoog_0069.png"; bbox 0 0 3198 5288; ppageno 0'>
   <div class='ocr_carea' id='block_1_1' title="bbox 394 575 461 631">
    <p class='ocr_par' dir='ltr' id='par_1_1' title="bbox 394 575 461 631">
     <span class='ocr_line' id='line_1_1' title="bbox 394 575 461 631; baseline 0 -1"><span class='ocrx_word' id='word_1_1' title='bbox 394 575 461 631; x_wconf 81' lang='grc' dir='ltr'><strong>ΙΝΙ</strong></span> 
     </span>
    </p>
   </div>
   <div class='ocr_carea' id='block_1_2' title="bbox 393 713 1390 1616">
    <p class='ocr_par' dir='ltr' id='par_1_2' title="bbox 393 713 1390 1271">
     <span class='ocr_line' id='line_1_2' title="bbox 394 713 1389 814; baseline -0.008 -22"><span class='ocrx_word' id='word_1_2' title='bbox 394 717 572 792; x_wconf 84' lang='lat' dir='ltr'><strong>nonnulla</strong></span> <span class='ocrx_word' id='word_1_3' title='bbox 589 715 753 806; x_wconf 81' lang='lat' dir='ltr'><strong>tradidit3</strong></span> <span class='ocrx_word' id='word_1_4' title='bbox 773 717 950 814; x_wconf 82' lang='lat' dir='ltr'><strong>scriptore</strong></span> <span class='ocrx_word' id='word_1_5' title='bbox 966 713 1102 810; x_wconf 80' lang='lat' dir='ltr'><strong>alioqui</strong></span> <span class='ocrx_word' id='word_1_6' title='bbox 1117 736 1246 810; x_wconf 84' lang='lat' dir='ltr'><strong>parum</strong></span> <span class='ocrx_word' id='word_1_7' title='bbox 1259 737 1389 784; x_wconf 75' lang='lat' dir='ltr'><strong>emur·</strong></span> 
     </span>
     <span class='ocr_line' id='line_1_3' title="bbox 395 825 1388 929; baseline -0.01 -23"><span class='ocrx_word' id='word_1_8' title='bbox 395 848 460 906; x_wconf 82' lang='lat' dir='ltr'><strong>ctae</strong></span> <span class='ocrx_word' id='word_1_9' title='bbox 480 833 576 904; x_wconf 89' lang='lat' dir='ltr'><strong>naris</strong></span> <span class='ocrx_word' id='word_1_10' title='bbox 590 846 700 929; x_wconf 89' lang='lat' dir='ltr'><strong>atque</strong></span> <span class='ocrx_word' id='word_1_11' title='bbox 717 833 888 902; x_wconf 89' lang='lat' dir='ltr'><strong>intereos</strong></span> <span class='ocrx_word' id='word_1_12' title='bbox 909 825 1142 915; x_wconf 85' lang='lat' dir='ltr'><strong>collocando,</strong></span> <span class='ocrx_word' id='word_1_13' title='bbox 1171 850 1265 924; x_wconf 92' lang='lat' dir='ltr'><strong>quos</strong></span> <span class='ocrx_word' id='word_1_14' title='bbox 1278 849 1388 898; x_wconf 88' lang='lat' dir='ltr'><strong>nemo</strong></span> 
     </span>
     <span class='ocr_line' id='line_1_4' title="bbox 394 941 1388 1043; baseline -0.008 -23"><span class='ocrx_word' id='word_1_15' title='bbox 394 947 440 1020; x_wconf 85' lang='lat' dir='ltr'><strong>ad</strong></span> <span class='ocrx_word' id='word_1_16' title='bbox 466 945 682 1018; x_wconf 90' lang='lat' dir='ltr'><strong>umbilicum</strong></span> <span class='ocrx_word' id='word_1_17' title='bbox 699 970 817 1043; x_wconf 90' lang='lat' dir='ltr'><strong>usque</strong></span> <span class='ocrx_word' id='word_1_18' title='bbox 849 944 1015 1018; x_wconf 85' lang='lat' dir='ltr'><strong>evolvere</strong></span> <span class='ocrx_word' id='word_1_19' title='bbox 1033 943 1246 1015; x_wconf 81' lang='lat' dir='ltr'><strong>sustinuerit</strong></span> <span class='ocrx_word' id='word_1_20' title='bbox 1263 941 1388 1036; x_wconf 78' lang='lat' dir='ltr'><strong>(ron);</strong></span> 
     </span>
     <span class='ocr_line' id='line_1_5' title="bbox 393 1055 1390 1159; baseline -0.007 -25"><span class='ocrx_word' id='word_1_21' title='bbox 393 1061 433 1134; x_wconf 91' lang='lat' dir='ltr'><strong>id</strong></span> <span class='ocrx_word' id='word_1_22' title='bbox 449 1061 549 1159; x_wconf 92' lang='lat' dir='ltr'><strong>quod</strong></span> <span class='ocrx_word' id='word_1_23' title='bbox 568 1075 692 1159; x_wconf 86' lang='lat' dir='ltr'><strong>aperte</strong></span> <span class='ocrx_word' id='word_1_24' title='bbox 718 1060 874 1132; x_wconf 76' lang='lat' dir='ltr'>declarat</span> <span class='ocrx_word' id='word_1_25' title='bbox 896 1061 1020 1157; x_wconf 89' lang='lat' dir='ltr'><strong>inepta</strong></span> <span class='ocrx_word' id='word_1_26' title='bbox 1037 1081 1145 1156; x_wconf 84' lang='lat' dir='ltr'><strong>quarn</strong></span> <span class='ocrx_word' id='word_1_27' title='bbox 1164 1055 1212 1130; x_wconf 87' lang='lat' dir='ltr'><strong>de</strong></span> <span class='ocrx_word' id='word_1_28' title='bbox 1230 1063 1390 1132; x_wconf 86' lang='lat' dir='ltr'><strong>Isocrate</strong></span> 
     </span>
     <span class='ocr_line' id='line_1_6' title="bbox 394 1173 773 1271; baseline -0.011 -23"><span class='ocrx_word' id='word_1_29' title='bbox 394 1197 546 1248; x_wconf 86' lang='lat' dir='ltr'><strong>censura</strong></span> <span class='ocrx_word' id='word_1_30' title='bbox 564 1177 637 1271; x_wconf 84' lang='lat' dir='ltr'><strong>egit</strong></span> <span class='ocrx_word' id='word_1_31' title='bbox 661 1173 773 1270; x_wconf 77' lang='lat'><strong>(103).</strong></span> 
     </span>
    </p>

    <p class='ocr_par' dir='ltr' id='par_1_3' title="bbox 395 1273 1389 1616">
     <span class='ocr_line' id='line_1_7' title="bbox 443 1273 1389 1386; baseline -0.005 -26"><span class='ocrx_word' id='word_1_32' title='bbox 443 1273 627 1386; x_wconf 86' lang='lat' dir='ltr'><strong>Lyconem</strong></span> <span class='ocrx_word' id='word_1_33' title='bbox 653 1289 795 1386; x_wconf 85' lang='lat' dir='ltr'><strong>excepit</strong></span> <span class='ocrx_word' id='word_1_34' title='bbox 819 1292 913 1360; x_wconf 90' lang='lat' dir='ltr'><strong>Ceus</strong></span> <span class='ocrx_word' id='word_1_35' title='bbox 935 1291 1098 1370; x_wconf 84' lang='lat' dir='ltr'><strong>Ariston,</strong></span> <span class='ocrx_word' id='word_1_36' title='bbox 1129 1287 1194 1382; x_wconf 91' lang='lat' dir='ltr'><strong>qui</strong></span> <span class='ocrx_word' id='word_1_37' title='bbox 1223 1284 1389 1356; x_wconf 83' lang='lat' dir='ltr'><strong>Rhetori-</strong></span> 
     </span>
     <span class='ocr_line' id='line_1_8' title="bbox 395 1399 1389 1502; baseline -0.005 -27"><span class='ocrx_word' id='word_1_38' title='bbox 395 1427 474 1476; x_wconf 88' lang='lat' dir='ltr'><strong>cam</strong></span> <span class='ocrx_word' id='word_1_39' title='bbox 512 1407 631 1502; x_wconf 85' lang='lat' dir='ltr'><strong>attigit</strong></span> <span class='ocrx_word' id='word_1_40' title='bbox 663 1403 777 1500; x_wconf 71' lang='lat' dir='ltr'><strong>(lod).</strong></span> <span class='ocrx_word' id='word_1_41' title='bbox 821 1407 907 1476; x_wconf 88' lang='lat' dir='ltr'><strong>Post</strong></span> <span class='ocrx_word' id='word_1_42' title='bbox 936 1402 1053 1491; x_wconf 91' lang='lat' dir='ltr'><strong>bunc,</strong></span> <span class='ocrx_word' id='word_1_43' title='bbox 1088 1399 1266 1478; x_wconf 85' lang='lat' dir='ltr'><strong>Critolaus</strong></span> <span class='ocrx_word' id='word_1_44' title='bbox 1299 1400 1389 1470; x_wconf 90' lang='lat' dir='ltr'><strong>auti-</strong></span> 
     </span>
     <span class='ocr_line' id='line_1_9' title="bbox 395 1517 1389 1616; baseline -0.006 -26"><span class='ocrx_word' id='word_1_45' title='bbox 395 1543 489 1616; x_wconf 90' lang='lat' dir='ltr'><strong>quos</strong></span> <span class='ocrx_word' id='word_1_46' title='bbox 505 1520 642 1590; x_wconf 85' lang='lat' dir='ltr'><strong>imitari</strong></span> <span class='ocrx_word' id='word_1_47' title='bbox 667 1517 824 1590; x_wconf 90' lang='lat' dir='ltr'><strong>studuit:</strong></span> <span class='ocrx_word' id='word_1_48' title='bbox 857 1518 1032 1616; x_wconf 85' lang='lat' dir='ltr'><strong>gravitate</strong></span> <span class='ocrx_word' id='word_1_49' title='bbox 1058 1517 1247 1614; x_wconf 85' lang='lat' dir='ltr'><strong>proximus</strong></span> <span class='ocrx_word' id='word_1_50' title='bbox 1273 1537 1389 1586; x_wconf 84' lang='lat' dir='ltr'><strong>acces·</strong></span> 
     </span>
    </p>
   </div>
   <div class='ocr_carea' id='block_1_3' title="bbox 307 1767 1390 4268">
    <p class='ocr_par' dir='ltr' id='par_1_4' title="bbox 395 1767 1386 1941">
     <span class='ocr_line' id='line_1_10' title="bbox 437 1767 1386 1852; baseline -0.008 -20"><span class='ocrx_word' id='word_1_51' title='bbox 437 1776 515 1852; x_wconf 81' lang='lat' dir='ltr'><strong>(roa)</strong></span> <span class='ocrx_word' id='word_1_52' title='bbox 539 1775 658 1850; x_wconf 86' lang='lat' dir='ltr'><strong>Dionys.</strong></span> <span class='ocrx_word' id='word_1_53' title='bbox 671 1774 761 1832; x_wconf 84' lang='lat' dir='ltr'><strong>Halic.</strong></span> <span class='ocrx_word' id='word_1_54' title='bbox 782 1776 826 1834; x_wconf 89' lang='lat' dir='ltr'><strong>De</strong></span> <span class='ocrx_word' id='word_1_55' title='bbox 842 1774 978 1852; x_wconf 88' lang='lat' dir='ltr'><strong>Compos.</strong></span> <span class='ocrx_word' id='word_1_56' title='bbox 991 1770 1107 1830; x_wconf 85' lang='lat' dir='ltr'><strong>verbor.</strong></span> <span class='ocrx_word' id='word_1_57' title='bbox 1121 1769 1226 1842; x_wconf 80' lang='lat' dir='ltr'><strong>1V,ed.</strong></span> <span class='ocrx_word' id='word_1_58' title='bbox 1242 1767 1344 1830; x_wconf 79' lang='lat' dir='ltr'><strong>Scbaef.</strong></span> <span class='ocrx_word' id='word_1_59' title='bbox 1358 1787 1386 1845; x_wconf 87' lang='lat' dir='ltr'><strong>p.</strong></span> 
     </span>
     <span class='ocr_line' id='line_1_11' title="bbox 395 1874 500 1941; baseline -0.019 -9"><span class='ocrx_word' id='word_1_60' title='bbox 395 1874 500 1941; x_wconf 69' lang='lat'><strong>64-68.</strong></span> 
     </span>
    </p>

    <p class='ocr_par' dir='ltr' id='par_1_5' title="bbox 394 1963 1390 2336">
     <span class='ocr_line' id='line_1_12' title="bbox 434 1963 1388 2048; baseline -0.005 -23"><span class='ocrx_word' id='word_1_61' title='bbox 434 1969 516 2048; x_wconf 73' lang='lat'>(103)</span> <span class='ocrx_word' id='word_1_62' title='bbox 529 1969 572 2028; x_wconf 88' lang='lat' dir='ltr'><strong>Cf.</strong></span> <span class='ocrx_word' id='word_1_63' title='bbox 586 1967 645 2028; x_wconf 88' lang='lat' dir='ltr'><strong>Cic.</strong></span> <span class='ocrx_word' id='word_1_64' title='bbox 656 1969 737 2030; x_wconf 82' lang='lat' dir='ltr'><strong>Orat.</strong></span> <span class='ocrx_word' id='word_1_65' title='bbox 749 1968 822 2039; x_wconf 81' lang='lat' dir='ltr'>Lv1;</span> <span class='ocrx_word' id='word_1_66' title='bbox 834 1968 954 2046; x_wconf 86' lang='lat' dir='ltr'><strong>Dionys.</strong></span> <span class='ocrx_word' id='word_1_67' title='bbox 967 1966 1058 2026; x_wconf 84' lang='lat' dir='ltr'><strong>Halic.</strong></span> <span class='ocrx_word' id='word_1_68' title='bbox 1071 1967 1101 2023; x_wconf 93' lang='lat' dir='ltr'><strong>in</strong></span> <span class='ocrx_word' id='word_1_69' title='bbox 1115 1967 1215 2038; x_wconf 87' lang='lat' dir='ltr'><strong>lsocr.,</strong></span> <span class='ocrx_word' id='word_1_70' title='bbox 1227 1963 1304 2023; x_wconf 87' lang='grc' dir='ltr'><strong>ΙΙΙΙΙ.</strong></span> <span class='ocrx_word' id='word_1_71' title='bbox 1317 1963 1388 2022; x_wconf 85' lang='lat' dir='ltr'><strong>llie-</strong></span> 
     </span>
     <span class='ocr_line' id='line_1_13' title="bbox 395 2061 1387 2141; baseline -0.003 -18"><span class='ocrx_word' id='word_1_72' title='bbox 395 2084 551 2141; x_wconf 82' lang='lat' dir='ltr'><strong>ronymum</strong></span> <span class='ocrx_word' id='word_1_73' title='bbox 562 2065 725 2122; x_wconf 81' lang='lat' dir='ltr'><strong>Aristotelis</strong></span> <span class='ocrx_word' id='word_1_74' title='bbox 732 2067 899 2140; x_wconf 74' lang='lat' dir='ltr'><strong>discipulum</strong></span> <span class='ocrx_word' id='word_1_75' title='bbox 905 2076 991 2122; x_wconf 85' lang='lat' dir='ltr'><strong>vocat</strong></span> <span class='ocrx_word' id='word_1_76' title='bbox 1003 2063 1158 2123; x_wconf 81' lang='lat' dir='ltr'><strong>Atlrenaeus</strong></span> <span class='ocrx_word' id='word_1_77' title='bbox 1162 2105 1171 2136; x_wconf 88' lang='lat'>,</span> <span class='ocrx_word' id='word_1_78' title='bbox 1185 2062 1221 2133; x_wconf 86' lang='lat' dir='ltr'><strong>X,</strong></span> <span class='ocrx_word' id='word_1_79' title='bbox 1233 2080 1263 2138; x_wconf 91' lang='lat' dir='ltr'><strong>p.</strong></span> <span class='ocrx_word' id='word_1_80' title='bbox 1277 2067 1345 2132; x_wconf 69' lang='lat' dir='ltr'><strong>tut,</strong></span> <span class='ocrx_word' id='word_1_81' title='bbox 1357 2061 1387 2120; x_wconf 80' lang='lat' dir='ltr'><strong>F.</strong></span> 
     </span>
     <span class='ocr_line' id='line_1_14' title="bbox 394 2155 1390 2241; baseline -0.006 -19"><span class='ocrx_word' id='word_1_82' title='bbox 394 2165 463 2222; x_wconf 83' lang='lat' dir='ltr'><strong>llaec</strong></span> <span class='ocrx_word' id='word_1_83' title='bbox 475 2161 646 2240; x_wconf 83' lang='lat' dir='ltr'><strong>significare,</strong></span> <span class='ocrx_word' id='word_1_84' title='bbox 668 2162 751 2222; x_wconf 88' lang='lat' dir='ltr'><strong>illurn</strong></span> <span class='ocrx_word' id='word_1_85' title='bbox 762 2163 960 2241; x_wconf 69' lang='lat' dir='ltr'><strong>peripateticae</strong></span> <span class='ocrx_word' id='word_1_86' title='bbox 975 2160 1115 2218; x_wconf 82' lang='lat' dir='ltr'><strong>doctrinae</strong></span> <span class='ocrx_word' id='word_1_87' title='bbox 1128 2158 1290 2218; x_wconf 90' lang='lat' dir='ltr'><strong>studiosum</strong></span> <span class='ocrx_word' id='word_1_88' title='bbox 1301 2155 1390 2216; x_wconf 80' lang='lat' dir='ltr'><strong>fuisse</strong></span> 
     </span>
     <span class='ocr_line' id='line_1_15' title="bbox 395 2258 760 2336; baseline -0.005 -20"><span class='ocrx_word' id='word_1_89' title='bbox 395 2259 481 2318; x_wconf 90' lang='lat' dir='ltr'><strong>docet</strong></span> <span class='ocrx_word' id='word_1_90' title='bbox 495 2271 660 2336; x_wconf 88' lang='lat' dir='ltr'><strong>temporum</strong></span> <span class='ocrx_word' id='word_1_91' title='bbox 675 2258 760 2318; x_wconf 85' lang='lat' dir='ltr'><strong>ratio.</strong></span> 
     </span>
    </p>

    <p class='ocr_par' dir='ltr' id='par_1_6' title="bbox 307 2347 1390 4268">
     <span class='ocr_line' id='line_1_16' title="bbox 436 2347 1389 2433; baseline -0.004 -21"><span class='ocrx_word' id='word_1_92' title='bbox 436 2356 516 2433; x_wconf 72' lang='lat' dir='ltr'><strong>(rot)</strong></span> <span class='ocrx_word' id='word_1_93' title='bbox 539 2354 676 2428; x_wconf 85' lang='lat' dir='ltr'><strong>Quinctil.</strong></span> <span class='ocrx_word' id='word_1_94' title='bbox 698 2355 736 2427; x_wconf 96' lang='grc' dir='ltr'><strong>ΙΙ,</strong></span> <span class='ocrx_word' id='word_1_95' title='bbox 755 2355 790 2412; x_wconf 77' lang='lat'><strong>15</strong></span> <span class='ocrx_word' id='word_1_96' title='bbox 803 2375 811 2411; x_wconf 74' lang='grc' dir='ltr'>ι</span> <span class='ocrx_word' id='word_1_97' title='bbox 825 2350 906 2424; x_wconf 62' lang='lat' dir='ltr'><strong>«Qui</strong></span> <span class='ocrx_word' id='word_1_98' title='bbox 919 2372 990 2412; x_wconf 88' lang='lat' dir='ltr'><strong>vero</strong></span> <span class='ocrx_word' id='word_1_99' title='bbox 1004 2373 1063 2410; x_wconf 88' lang='lat' dir='ltr'><strong>nou</strong></span> <span class='ocrx_word' id='word_1_100' title='bbox 1086 2351 1184 2410; x_wconf 86' lang='lat' dir='ltr'><strong>omuia</strong></span> <span class='ocrx_word' id='word_1_101' title='bbox 1197 2347 1389 2428; x_wconf 80' lang='lat' dir='ltr'><strong>subjiciebant</strong></span> 
     </span>
     <span class='ocr_line' id='line_1_17' title="bbox 395 2446 1389 2528; baseline -0.006 -18"><span class='ocrx_word' id='word_1_102' title='bbox 395 2451 522 2525; x_wconf 89' lang='lat' dir='ltr'><strong>oratori,</strong></span> <span class='ocrx_word' id='word_1_103' title='bbox 536 2451 688 2510; x_wconf 90' lang='lat' dir='ltr'><strong>sollicitius</strong></span> <span class='ocrx_word' id='word_1_104' title='bbox 703 2471 737 2510; x_wconf 85' lang='lat' dir='ltr'><strong>ac</strong></span> <span class='ocrx_word' id='word_1_105' title='bbox 754 2449 907 2509; x_wconf 88' lang='lat' dir='ltr'><strong>verbosius</strong></span> <span class='ocrx_word' id='word_1_106' title='bbox 917 2494 926 2528; x_wconf 88' lang='lat'>,</span> <span class='ocrx_word' id='word_1_107' title='bbox 936 2462 969 2508; x_wconf 94' lang='lat' dir='ltr'><strong>ut</strong></span> <span class='ocrx_word' id='word_1_108' title='bbox 980 2469 1097 2508; x_wconf 87' lang='lat' dir='ltr'><strong>necesse</strong></span> <span class='ocrx_word' id='word_1_109' title='bbox 1107 2461 1179 2523; x_wconf 90' lang='lat' dir='ltr'><strong>erat,</strong></span> <span class='ocrx_word' id='word_1_110' title='bbox 1190 2446 1389 2506; x_wconf 89' lang='lat' dir='ltr'><strong>adhibuerunt</strong></span> 
     </span>
     <span class='ocr_line' id='line_1_18' title="bbox 395 2545 1387 2626; baseline -0.003 -19"><span class='ocrx_word' id='word_1_111' title='bbox 395 2549 564 2620; x_wconf 83' lang='lat' dir='ltr'><strong>discrimina</strong></span> <span class='ocrx_word' id='word_1_112' title='bbox 579 2570 586 2605; x_wconf 76' lang='grc' dir='ltr'>ι</span> <span class='ocrx_word' id='word_1_113' title='bbox 599 2567 725 2626; x_wconf 90' lang='lat' dir='ltr'><strong>quorum</strong></span> <span class='ocrx_word' id='word_1_114' title='bbox 746 2547 802 2607; x_wconf 82' lang='lat' dir='ltr'><strong>fuit</strong></span> <span class='ocrx_word' id='word_1_115' title='bbox 816 2549 950 2617; x_wconf 86' lang='lat' dir='ltr'><strong>Ariston,</strong></span> <span class='ocrx_word' id='word_1_116' title='bbox 963 2546 1082 2606; x_wconf 81' lang='lat' dir='ltr'><strong>Critolai</strong></span> <span class='ocrx_word' id='word_1_117' title='bbox 1103 2546 1285 2626; x_wconf 84' lang='lat' dir='ltr'><strong>peripatetici</strong></span> <span class='ocrx_word' id='word_1_118' title='bbox 1300 2545 1387 2604; x_wconf 84' lang='lat' dir='ltr'><strong>disci-</strong></span> 
     </span>
     <span class='ocr_line' id='line_1_19' title="bbox 395 2642 1389 2724; baseline -0.005 -22"><span class='ocrx_word' id='word_1_119' title='bbox 395 2644 497 2724; x_wconf 84' lang='lat' dir='ltr'><strong>pulus,</strong></span> <span class='ocrx_word' id='word_1_120' title='bbox 518 2642 599 2720; x_wconf 80' lang='lat' dir='ltr'><strong>eujus</strong></span> <span class='ocrx_word' id='word_1_121' title='bbox 615 2644 663 2701; x_wconf 94' lang='lat' dir='ltr'><strong>hic</strong></span> <span class='ocrx_word' id='word_1_122' title='bbox 679 2644 744 2702; x_wconf 90' lang='lat' dir='ltr'><strong>linis</strong></span> <span class='ocrx_word' id='word_1_123' title='bbox 760 2655 818 2701; x_wconf 89' lang='lat' dir='ltr'><strong>est:</strong></span> <span class='ocrx_word' id='word_1_124' title='bbox 834 2645 953 2700; x_wconf 78' lang='lat' dir='ltr'><strong>scientia</strong></span> <span class='ocrx_word' id='word_1_125' title='bbox 964 2646 1087 2701; x_wconf 80' lang='lat' dir='ltr'><strong>uidendi</strong></span> <span class='ocrx_word' id='word_1_126' title='bbox 1098 2655 1128 2700; x_wconf 89' lang='lat' dir='ltr'><strong>et</strong></span> <span class='ocrx_word' id='word_1_127' title='bbox 1144 2643 1251 2720; x_wconf 81' lang='lat' dir='ltr'><strong>agendi</strong></span> <span class='ocrx_word' id='word_1_128' title='bbox 1268 2647 1298 2698; x_wconf 84' lang='lat' dir='ltr'><strong>in</strong></span> <span class='ocrx_word' id='word_1_129' title='bbox 1310 2663 1389 2718; x_wconf 57' lang='lat' dir='ltr'><strong>quor³</strong></span> 
     </span>
     <span class='ocr_line' id='line_1_20' title="bbox 394 2739 1388 2816; baseline -0.004 -16"><span class='ocrx_word' id='word_1_130' title='bbox 394 2740 536 2800; x_wconf 70' lang='lat' dir='ltr'><strong>trionibus</strong></span> <span class='ocrx_word' id='word_1_131' title='bbox 554 2740 689 2813; x_wconf 79' lang='lat' dir='ltr'><strong>civilibus,</strong></span> <span class='ocrx_word' id='word_1_132' title='bbox 707 2742 932 2816; x_wconf 76' lang='lat' dir='ltr'><strong>perorationem</strong></span> <span class='ocrx_word' id='word_1_133' title='bbox 942 2742 1098 2816; x_wconf 80' lang='lat' dir='ltr'><strong>popularis</strong></span> <span class='ocrx_word' id='word_1_134' title='bbox 1111 2741 1321 2816; x_wconf 81' lang='lat' dir='ltr'><strong>persuasionis.</strong></span> <span class='ocrx_word' id='word_1_135' title='bbox 1333 2739 1388 2798; x_wconf 90' lang='lat' dir='ltr'><strong>llic</strong></span> 
     </span>
     <span class='ocr_line' id='line_1_21' title="bbox 395 2835 1388 2914; baseline -0.005 -17"><span class='ocrx_word' id='word_1_136' title='bbox 395 2837 556 2910; x_wconf 87' lang='lat' dir='ltr'><strong>scientiam,</strong></span> <span class='ocrx_word' id='word_1_137' title='bbox 577 2837 646 2914; x_wconf 86' lang='lat' dir='ltr'><strong>quia</strong></span> <span class='ocrx_word' id='word_1_138' title='bbox 667 2836 873 2914; x_wconf 87' lang='lat' dir='ltr'><strong>peripateticus</strong></span> <span class='ocrx_word' id='word_1_139' title='bbox 884 2849 938 2908; x_wconf 90' lang='lat' dir='ltr'><strong>est,</strong></span> <span class='ocrx_word' id='word_1_140' title='bbox 951 2856 1020 2908; x_wconf 91' lang='lat' dir='ltr'><strong>non,</strong></span> <span class='ocrx_word' id='word_1_141' title='bbox 1032 2848 1065 2894; x_wconf 92' lang='lat' dir='ltr'><strong>ut</strong></span> <span class='ocrx_word' id='word_1_142' title='bbox 1078 2836 1179 2908; x_wconf 86' lang='lat' dir='ltr'><strong>Stoici,</strong></span> <span class='ocrx_word' id='word_1_143' title='bbox 1191 2835 1308 2894; x_wconf 91' lang='lat' dir='ltr'><strong>virtutis</strong></span> <span class='ocrx_word' id='word_1_144' title='bbox 1324 2835 1388 2893; x_wconf 87' lang='lat' dir='ltr'><strong>luco</strong></span> 
     </span>
     <span class='ocr_line' id='line_1_22' title="bbox 396 2933 1388 3013; baseline 0 -21"><span class='ocrx_word' id='word_1_145' title='bbox 396 2935 511 3013; x_wconf 73' lang='lat' dir='ltr'><strong>pouit.»</strong></span> <span class='ocrx_word' id='word_1_146' title='bbox 528 2935 622 3006; x_wconf 85' lang='lat' dir='ltr'><strong>Quem</strong></span> <span class='ocrx_word' id='word_1_147' title='bbox 639 2953 704 2991; x_wconf 89' lang='lat' dir='ltr'><strong>oum</strong></span> <span class='ocrx_word' id='word_1_148' title='bbox 710 2934 848 2993; x_wconf 74' lang='lat' dir='ltr'><strong>Aristone</strong></span> <span class='ocrx_word' id='word_1_149' title='bbox 865 2934 938 2993; x_wconf 87' lang='lat' dir='ltr'><strong>Chio</strong></span> <span class='ocrx_word' id='word_1_150' title='bbox 949 2935 1067 2993; x_wconf 86' lang='lat' dir='ltr'><strong>minime</strong></span> <span class='ocrx_word' id='word_1_151' title='bbox 1078 2933 1315 2992; x_wconf 87' lang='lat' dir='ltr'><strong>confundendum</strong></span> <span class='ocrx_word' id='word_1_152' title='bbox 1326 2933 1388 2992; x_wconf 86' lang='lat' dir='ltr'><strong>baec</strong></span> 
     </span>
     <span class='ocr_line' id='line_1_23' title="bbox 396 3029 1387 3108; baseline -0.003 -18"><span class='ocrx_word' id='word_1_153' title='bbox 396 3031 555 3090; x_wconf 87' lang='lat' dir='ltr'><strong>ostendunt</strong></span> <span class='ocrx_word' id='word_1_154' title='bbox 564 3051 573 3101; x_wconf 82' lang='lat'>3</span> <span class='ocrx_word' id='word_1_155' title='bbox 590 3031 665 3088; x_wconf 86' lang='lat' dir='ltr'><strong>Ceus</strong></span> <span class='ocrx_word' id='word_1_156' title='bbox 676 3030 754 3089; x_wconf 87' lang='lat' dir='ltr'><strong>euim</strong></span> <span class='ocrx_word' id='word_1_157' title='bbox 773 3042 836 3089; x_wconf 84' lang='lat' dir='ltr'><strong>erat</strong></span> <span class='ocrx_word' id='word_1_158' title='bbox 848 3031 968 3090; x_wconf 91' lang='lat' dir='ltr'><strong>Ariston</strong></span> <span class='ocrx_word' id='word_1_159' title='bbox 987 3031 1212 3108; x_wconf 84' lang='lat' dir='ltr'><strong>peripateticus,</strong></span> <span class='ocrx_word' id='word_1_160' title='bbox 1227 3029 1322 3090; x_wconf 88' lang='lat' dir='ltr'><strong>Strab.</strong></span> <span class='ocrx_word' id='word_1_161' title='bbox 1344 3029 1387 3088; x_wconf 85' lang='lat' dir='ltr'><strong>X:</strong></span> 
     </span>
     <span class='ocr_line' id='line_1_24' title="bbox 395 3123 1388 3209; baseline -0.004 -22"><span class='ocrx_word' id='word_1_162' title='bbox 395 3125 474 3194; x_wconf 78' lang='grc' dir='ltr'><strong>Κέως</strong></span> <span class='ocrx_word' id='word_1_163' title='bbox 483 3125 511 3187; x_wconf 81' lang='grc' dir='ltr'><strong>δὲ</strong></span> <span class='ocrx_word' id='word_1_164' title='bbox 523 3124 677 3207; x_wconf 78' lang='grc' dir='ltr'>τετράπολις</span> <span class='ocrx_word' id='word_1_165' title='bbox 691 3125 739 3204; x_wconf 75' lang='grc' dir='ltr'><strong>μὲν</strong></span> <span class='ocrx_word' id='word_1_166' title='bbox 754 3125 866 3209; x_wconf 70' lang='grc' dir='ltr'>ὑπῆρξε·</span> <span class='ocrx_word' id='word_1_167' title='bbox 878 3125 1014 3186; x_wconf 80' lang='grc' dir='ltr'>λείπονται</span> <span class='ocrx_word' id='word_1_168' title='bbox 1032 3124 1060 3186; x_wconf 77' lang='grc' dir='ltr'><strong>δὲ</strong></span> <span class='ocrx_word' id='word_1_169' title='bbox 1079 3124 1124 3186; x_wconf 83' lang='grc' dir='ltr'><strong>δύο</strong></span> <span class='ocrx_word' id='word_1_170' title='bbox 1135 3125 1154 3199; x_wconf 83' lang='grc' dir='ltr'>ἥ</span> <span class='ocrx_word' id='word_1_171' title='bbox 1167 3149 1197 3186; x_wconf 86' lang='grc' dir='ltr'><strong>τε</strong></span> <span class='ocrx_word' id='word_1_172' title='bbox 1207 3125 1301 3193; x_wconf 81' lang='grc' dir='ltr'>Ἰουλίς</span> <span class='ocrx_word' id='word_1_173' title='bbox 1312 3123 1356 3184; x_wconf 79' lang='grc' dir='ltr'><strong>καί</strong></span> <span class='ocrx_word' id='word_1_174' title='bbox 1370 3127 1388 3196; x_wconf 75' lang='grc' dir='ltr'><strong>ἡ</strong></span> 
     </span>
     <span class='ocr_line' id='line_1_25' title="bbox 307 3212 1389 3305; baseline -0.005 -23"><span class='ocrx_word' id='word_1_175' title='bbox 307 3281 323 3305; x_wconf 31' lang='grc' dir='ltr'>κ</span> <span class='ocrx_word' id='word_1_176' title='bbox 395 3221 546 3304; x_wconf 80' lang='grc' dir='ltr'>Καρθαία...</span> <span class='ocrx_word' id='word_1_177' title='bbox 560 3221 611 3282; x_wconf 86' lang='grc' dir='ltr'><strong>Ἐκ</strong></span> <span class='ocrx_word' id='word_1_178' title='bbox 623 3221 652 3280; x_wconf 79' lang='grc' dir='ltr'><strong>δὲ</strong></span> <span class='ocrx_word' id='word_1_179' title='bbox 662 3226 709 3294; x_wconf 76' lang='grc' dir='ltr'><strong>ιῆς</strong></span> <span class='ocrx_word' id='word_1_180' title='bbox 721 3221 861 3298; x_wconf 86' lang='grc' dir='ltr'>Ἰουλίδυς,</span> <span class='ocrx_word' id='word_1_181' title='bbox 875 3220 930 3282; x_wconf 84' lang='grc' dir='ltr'><strong>ὅτι</strong></span> <span class='ocrx_word' id='word_1_182' title='bbox 941 3222 1093 3302; x_wconf 83' lang='grc' dir='ltr'>Σιμωνίδης</span> <span class='ocrx_word' id='word_1_183' title='bbox 1109 3212 1140 3295; x_wconf 71' lang='grc' dir='ltr'><strong>ἦν</strong></span> <span class='ocrx_word' id='word_1_184' title='bbox 1155 3226 1169 3283; x_wconf 81' lang='grc' dir='ltr'>ὁ</span> <span class='ocrx_word' id='word_1_185' title='bbox 1184 3220 1331 3300; x_wconf 79' lang='grc' dir='ltr'>μελοποιὸς,</span> <span class='ocrx_word' id='word_1_186' title='bbox 1343 3219 1389 3280; x_wconf 75' lang='lat' dir='ltr'><strong>xci</strong></span> 
     </span>
     <span class='ocr_line' id='line_1_26' title="bbox 395 3317 1389 3400; baseline -0.003 -21"><span class='ocrx_word' id='word_1_187' title='bbox 395 3318 564 3398; x_wconf 81' lang='grc' dir='ltr'>Βακχυλίδης</span> <span class='ocrx_word' id='word_1_188' title='bbox 582 3318 734 3400; x_wconf 81' lang='grc' dir='ltr'>ἀδελφιδοῦς</span> <span class='ocrx_word' id='word_1_189' title='bbox 754 3319 868 3378; x_wconf 80' lang='grc' dir='ltr'>ἐκείνου·</span> <span class='ocrx_word' id='word_1_190' title='bbox 894 3318 939 3378; x_wconf 79' lang='grc' dir='ltr'><strong>καί</strong></span> <span class='ocrx_word' id='word_1_191' title='bbox 962 3318 1031 3397; x_wconf 73' lang='grc' dir='ltr'>μετὰ</span> <span class='ocrx_word' id='word_1_192' title='bbox 1043 3325 1128 3380; x_wconf 82' lang='grc' dir='ltr'>ταῦτα</span> <span class='ocrx_word' id='word_1_193' title='bbox 1148 3317 1355 3400; x_wconf 58' lang='grc' dir='ltr'>Ἐρασίστρατος</span> <span class='ocrx_word' id='word_1_194' title='bbox 1374 3321 1389 3376; x_wconf 82' lang='grc' dir='ltr'>ὁ</span> 
     </span>
     <span class='ocr_line' id='line_1_27' title="bbox 394 3415 1389 3500; baseline -0.002 -26"><span class='ocrx_word' id='word_1_195' title='bbox 394 3415 499 3498; x_wconf 77' lang='grc' dir='ltr'><strong>ἰατρὸς,</strong></span> <span class='ocrx_word' id='word_1_196' title='bbox 520 3416 565 3476; x_wconf 81' lang='grc' dir='ltr'><strong>καί</strong></span> <span class='ocrx_word' id='word_1_197' title='bbox 579 3419 634 3476; x_wconf 82' lang='grc' dir='ltr'><strong>τῶν</strong></span> <span class='ocrx_word' id='word_1_198' title='bbox 648 3417 679 3475; x_wconf 78' lang='grc' dir='ltr'><strong>ἐκ</strong></span> <span class='ocrx_word' id='word_1_199' title='bbox 689 3421 735 3476; x_wconf 85' lang='grc' dir='ltr'><strong>τοῦ</strong></span> <span class='ocrx_word' id='word_1_200' title='bbox 745 3415 892 3500; x_wconf 75' lang='grc' dir='ltr'>περιπάτου</span> <span class='ocrx_word' id='word_1_201' title='bbox 901 3415 1050 3499; x_wconf 73' lang='grc' dir='ltr'>φιλοσόφων</span> <span class='ocrx_word' id='word_1_202' title='bbox 1064 3415 1201 3498; x_wconf 83' lang='grc' dir='ltr'><strong>Ἀρίστων,</strong></span> <span class='ocrx_word' id='word_1_203' title='bbox 1216 3419 1229 3474; x_wconf 73' lang='grc' dir='ltr'>ί</span> <span class='ocrx_word' id='word_1_204' title='bbox 1242 3418 1289 3474; x_wconf 77' lang='grc' dir='ltr'><strong>τοῦ</strong></span> <span class='ocrx_word' id='word_1_205' title='bbox 1301 3417 1389 3496; x_wconf 77' lang='grc' dir='ltr'>Βορυ-</span> 
     </span>
     <span class='ocr_line' id='line_1_28' title="bbox 394 3511 1390 3593; baseline -0.002 -21"><span class='ocrx_word' id='word_1_206' title='bbox 394 3511 511 3572; x_wconf 81' lang='grc' dir='ltr'>σθενίτου</span> <span class='ocrx_word' id='word_1_207' title='bbox 523 3512 622 3582; x_wconf 86' lang='grc' dir='ltr'>Βίωνος</span> <span class='ocrx_word' id='word_1_208' title='bbox 635 3511 770 3588; x_wconf 72' lang='grc' dir='ltr'><strong>ζηλωτής,</strong></span> <span class='ocrx_word' id='word_1_209' title='bbox 784 3535 813 3593; x_wconf 96' lang='lat' dir='ltr'><strong>p.</strong></span> <span class='ocrx_word' id='word_1_210' title='bbox 828 3516 896 3587; x_wconf 82' lang='grc'><strong>335,</strong></span> <span class='ocrx_word' id='word_1_211' title='bbox 906 3515 951 3573; x_wconf 89' lang='lat' dir='ltr'><strong>ed.</strong></span> <span class='ocrx_word' id='word_1_212' title='bbox 965 3513 1087 3574; x_wconf 79' lang='lat' dir='ltr'><strong>casaub.</strong></span> <span class='ocrx_word' id='word_1_213' title='bbox 1101 3513 1185 3586; x_wconf 83' lang='lat'><strong>1587.</strong></span> <span class='ocrx_word' id='word_1_214' title='bbox 1197 3511 1277 3571; x_wconf 91' lang='lat' dir='ltr'><strong>Idem</strong></span> <span class='ocrx_word' id='word_1_215' title='bbox 1300 3511 1390 3570; x_wconf 89' lang='lat' dir='ltr'><strong>tradit</strong></span> 
     </span>
     <span class='ocr_line' id='line_1_29' title="bbox 393 3607 1388 3689; baseline -0.002 -19"><span class='ocrx_word' id='word_1_216' title='bbox 393 3610 494 3688; x_wconf 90' lang='lat' dir='ltr'><strong>Stepb.</strong></span> <span class='ocrx_word' id='word_1_217' title='bbox 507 3612 627 3687; x_wconf 85' lang='lat' dir='ltr'><strong>Byzaut.</strong></span> <span class='ocrx_word' id='word_1_218' title='bbox 643 3611 674 3669; x_wconf 91' lang='lat' dir='ltr'><strong>iu</strong></span> <span class='ocrx_word' id='word_1_219' title='bbox 685 3631 750 3670; x_wconf 88' lang='lat' dir='ltr'><strong>voc.</strong></span> <span class='ocrx_word' id='word_1_220' title='bbox 765 3609 868 3677; x_wconf 84' lang='grc' dir='ltr'>Ἰουλίς.</span> <span class='ocrx_word' id='word_1_221' title='bbox 883 3611 1047 3670; x_wconf 71' lang='lat' dir='ltr'><strong>Aristonem</strong></span> <span class='ocrx_word' id='word_1_222' title='bbox 1062 3608 1303 3689; x_wconf 85' lang='lat' dir='ltr'><strong>peripateticum,</strong></span> <span class='ocrx_word' id='word_1_223' title='bbox 1324 3607 1388 3668; x_wconf 89' lang='lat' dir='ltr'><strong>Cri·</strong></span> 
     </span>
     <span class='ocr_line' id='line_1_30' title="bbox 399 3703 1389 3783; baseline 0.002 -22"><span class='ocrx_word' id='word_1_224' title='bbox 399 3705 470 3762; x_wconf 85' lang='lat' dir='ltr'><strong>tolai</strong></span> <span class='ocrx_word' id='word_1_225' title='bbox 481 3705 669 3783; x_wconf 90' lang='lat' dir='ltr'><strong>discipulum,</strong></span> <span class='ocrx_word' id='word_1_226' title='bbox 683 3706 817 3783; x_wconf 86' lang='lat' dir='ltr'><strong>exemplo</strong></span> <span class='ocrx_word' id='word_1_227' title='bbox 832 3705 986 3778; x_wconf 85' lang='lat' dir='ltr'><strong>Quinctil,</strong></span> <span class='ocrx_word' id='word_1_228' title='bbox 1002 3717 1089 3764; x_wconf 86' lang='lat' dir='ltr'><strong>vocat</strong></span> <span class='ocrx_word' id='word_1_229' title='bbox 1097 3709 1177 3764; x_wconf 88' lang='lat' dir='ltr'><strong>Sext.</strong></span> <span class='ocrx_word' id='word_1_230' title='bbox 1189 3703 1301 3781; x_wconf 86' lang='lat' dir='ltr'><strong>Empir.</strong></span> <span class='ocrx_word' id='word_1_231' title='bbox 1315 3703 1389 3774; x_wconf 85' lang='lat' dir='ltr'><strong>Adv.</strong></span> 
     </span>
     <span class='ocr_line' id='line_1_31' title="bbox 395 3797 1389 3882; baseline -0.003 -20"><span class='ocrx_word' id='word_1_232' title='bbox 395 3801 580 3874; x_wconf 86' lang='lat' dir='ltr'><strong>Mathemll,</strong></span> <span class='ocrx_word' id='word_1_233' title='bbox 592 3823 620 3880; x_wconf 93' lang='lat' dir='ltr'><strong>p.</strong></span> <span class='ocrx_word' id='word_1_234' title='bbox 633 3801 839 3874; x_wconf 84' lang='lat' dir='ltr'><strong>3or,ed.Fabr.</strong></span> <span class='ocrx_word' id='word_1_235' title='bbox 849 3822 856 3858; x_wconf 90' lang='lat'>:</span> <span class='ocrx_word' id='word_1_236' title='bbox 868 3800 913 3860; x_wconf 82' lang='grc' dir='ltr'><strong>καί</strong></span> <span class='ocrx_word' id='word_1_237' title='bbox 926 3797 1237 3882; x_wconf 76' lang='grc' dir='ltr'>Ἀρίστων,ὀΚριτυλιίυυ</span> <span class='ocrx_word' id='word_1_238' title='bbox 1248 3799 1389 3882; x_wconf 80' lang='grc' dir='ltr'>γνώριμος,</span> 
     </span>
     <span class='ocr_line' id='line_1_32' title="bbox 395 3894 1386 3980; baseline -0.001 -23"><span class='ocrx_word' id='word_1_239' title='bbox 395 3896 493 3958; x_wconf 84' lang='grc' dir='ltr'>σκοπδν</span> <span class='ocrx_word' id='word_1_240' title='bbox 516 3895 564 3977; x_wconf 78' lang='grc' dir='ltr'><strong>μὲν</strong></span> <span class='ocrx_word' id='word_1_241' title='bbox 581 3896 714 3958; x_wconf 78' lang='grc' dir='ltr'>ἐκκεῖσθαί</span> <span class='ocrx_word' id='word_1_242' title='bbox 724 3920 803 3980; x_wconf 82' lang='grc' dir='ltr'>φησιν</span> <span class='ocrx_word' id='word_1_243' title='bbox 819 3899 887 3977; x_wconf 72' lang='grc' dir='ltr'>αὐτῇ</span> <span class='ocrx_word' id='word_1_244' title='bbox 901 3894 951 3969; x_wconf 78' lang='grc' dir='ltr'><strong>τὴν</strong></span> <span class='ocrx_word' id='word_1_245' title='bbox 966 3894 1057 3956; x_wconf 80' lang='grc' dir='ltr'>πειθώ.</span> <span class='ocrx_word' id='word_1_246' title='bbox 1072 3897 1157 3975; x_wconf 89' lang='lat' dir='ltr'><strong>Apud</strong></span> <span class='ocrx_word' id='word_1_247' title='bbox 1171 3898 1331 3969; x_wconf 59' lang='lat' dir='ltr'><strong>Plutarch„</strong></span> <span class='ocrx_word' id='word_1_248' title='bbox 1342 3899 1386 3957; x_wconf 88' lang='lat' dir='ltr'><strong>De</strong></span> 
     </span>
     <span class='ocr_line' id='line_1_33' title="bbox 397 3994 1386 4074; baseline 0.001 -19"><span class='ocrx_word' id='word_1_249' title='bbox 397 3996 463 4055; x_wconf 84' lang='lat' dir='ltr'><strong>exil.</strong></span> <span class='ocrx_word' id='word_1_250' title='bbox 476 3997 512 4056; x_wconf 89' lang='lat' dir='ltr'><strong>T.</strong></span> <span class='ocrx_word' id='word_1_251' title='bbox 532 3996 582 4067; x_wconf 95' lang='grc' dir='ltr'><strong>ΙΙΙ,</strong></span> <span class='ocrx_word' id='word_1_252' title='bbox 593 4015 623 4074; x_wconf 89' lang='lat' dir='ltr'><strong>p.</strong></span> <span class='ocrx_word' id='word_1_253' title='bbox 639 3997 706 4069; x_wconf 76' lang='grc'><strong>438,</strong></span> <span class='ocrx_word' id='word_1_254' title='bbox 719 3995 764 4053; x_wconf 91' lang='lat' dir='ltr'><strong>ed.</strong></span> <span class='ocrx_word' id='word_1_255' title='bbox 780 3994 939 4072; x_wconf 88' lang='lat' dir='ltr'><strong>Wytteub.,</strong></span> <span class='ocrx_word' id='word_1_256' title='bbox 950 4007 1036 4072; x_wconf 90' lang='lat' dir='ltr'><strong>atque</strong></span> <span class='ocrx_word' id='word_1_257' title='bbox 1051 3995 1163 4074; x_wconf 85' lang='lat' dir='ltr'><strong>Meuag.</strong></span> <span class='ocrx_word' id='word_1_258' title='bbox 1175 4007 1236 4053; x_wconf 90' lang='lat' dir='ltr'><strong>not.</strong></span> <span class='ocrx_word' id='word_1_259' title='bbox 1254 3995 1284 4052; x_wconf 91' lang='lat' dir='ltr'><strong>iu</strong></span> <span class='ocrx_word' id='word_1_260' title='bbox 1301 3995 1386 4073; x_wconf 86' lang='lat' dir='ltr'><strong>Diog.</strong></span> 
     </span>
     <span class='ocr_line' id='line_1_34' title="bbox 393 4091 1386 4170; baseline -0.005 -17"><span class='ocrx_word' id='word_1_261' title='bbox 393 4095 487 4153; x_wconf 81' lang='lat' dir='ltr'><strong>baert.</strong></span> <span class='ocrx_word' id='word_1_262' title='bbox 493 4098 529 4160; x_wconf 84' lang='lat' dir='ltr'><strong>V,</strong></span> <span class='ocrx_word' id='word_1_263' title='bbox 541 4093 590 4165; x_wconf 88' lang='grc'><strong>36,</strong></span> <span class='ocrx_word' id='word_1_264' title='bbox 597 4103 665 4170; x_wconf 90' lang='lat' dir='ltr'><strong>post</strong></span> <span class='ocrx_word' id='word_1_265' title='bbox 675 4092 838 4152; x_wconf 71' lang='lat' dir='ltr'><strong>Aristonem</strong></span> <span class='ocrx_word' id='word_1_266' title='bbox 852 4091 979 4152; x_wconf 86' lang='lat' dir='ltr'><strong>occurrit</strong></span> <span class='ocrx_word' id='word_1_267' title='bbox 988 4093 1141 4153; x_wconf 85' lang='lat' dir='ltr'><strong>Critolaus.</strong></span> <span class='ocrx_word' id='word_1_268' title='bbox 1151 4091 1386 4164; x_wconf 84' lang='lat' dir='ltr'><strong>Quinctilianum,</strong></span> 
     </span>
     <span class='ocr_line' id='line_1_35' title="bbox 395 4185 1386 4268; baseline -0.007 -18"><span class='ocrx_word' id='word_1_269' title='bbox 395 4194 572 4268; x_wconf 83' lang='lat' dir='ltr'><strong>Sextumque</strong></span> <span class='ocrx_word' id='word_1_270' title='bbox 595 4207 611 4246; x_wconf 88' lang='lat' dir='ltr'><strong>a</strong></span> <span class='ocrx_word' id='word_1_271' title='bbox 636 4207 707 4248; x_wconf 89' lang='lat' dir='ltr'><strong>vero</strong></span> <span class='ocrx_word' id='word_1_272' title='bbox 736 4187 886 4249; x_wconf 83' lang='lat' dir='ltr'><strong>deflexisse</strong></span> <span class='ocrx_word' id='word_1_273' title='bbox 908 4189 1084 4250; x_wconf 87' lang='lat' dir='ltr'><strong>demonstrat</strong></span> <span class='ocrx_word' id='word_1_274' title='bbox 1112 4202 1275 4266; x_wconf 90' lang='lat' dir='ltr'><strong>temporum</strong></span> <span class='ocrx_word' id='word_1_275' title='bbox 1304 4185 1386 4244; x_wconf 88' lang='lat' dir='ltr'><strong>ratio.</strong></span> 
     </span>
    </p>
   </div>
   <div class='ocr_carea' id='block_1_4' title="bbox 0 0 1606 5288">
    <p class='ocr_par' dir='ltr' id='par_1_7' title="bbox 0 0 1606 5288">
     <span class='ocr_line' id='line_1_36' title="bbox 0 0 1606 5288; baseline 0 0"><span class='ocrx_word' id='word_1_276' title='bbox 0 0 1606 5288; x_wconf 95' lang='lat' dir='ltr'><strong> </strong></span> 
     </span>
    </p>
   </div>
  </div>
 </body>
</html>
