3194 5286
390 507 542 568 Lxxxtv

387 661 461 728 rios
471 658 600 752 reperi.
614 656 704 744 Quae
710 655 844 749 prinae
855 652 983 722 lt'tteroe
994 651 1047 722 ibi
1060 651 1164 724 dictae
1173 656 1383 754 sunttr98);

388 771 477 842 nihil
491 767 697 840 aliuderant
711 793 822 865 quam
838 767 995 865 legendi,
1005 769 1280 865 pronuntiandi,
1292 775 1383 843 scri-

386 885 509 970 bendi,
522 881 823 980 memorandique
834 885 1110 954 exercitationes
1119 910 1127 953 ι
1137 908 1177 954 ea
1186 883 1255 954 fuit
1265 911 1385 957 roma-

388 1025 441 1070 nae
450 1001 700 1070 Grammaticae
714 995 873 1067 infantia.
883 1003 983 1068 Hanc
996 1004 1181 1093 promovit
1187 1001 1308 1072 Livius
1316 1005 1385 1070 An-

386 1114 572 1196 monicus,
581 1115 646 1210 qui
655 1109 809 1182 docendi
819 1135 933 1207 graeca
944 1110 1130 1209 latinaque
1143 1113 1268 1209 lingua
1283 1114 1385 1186 domi

387 1244 496 1325 atque
514 1225 603 1297 foris
625 1229 850 1323 provinciam
875 1229 1048 1298 sustinuit
1067 1227 1180 1325 (199).
1207 1230 1384 1302 Eamdem

387 1347 481 1412 viam
491 1343 1017 1439 ingressusEnniusRomanos‚
1030 1367 1189 1439 quorum
1200 1368 1257 1414 res
1266 1361 1384 1442 gestas

387 1463 493 1556 epico
512 1457 671 1528 carmine
689 1455 895 1544 celebravit,
911 1454 1039 1528 litteris
1054 1460 1176 1553 graecis
1194 1459 1384 1556 inquibus

386 1575 464 1671 ipse
497 1586 660 1643 versatus
688 1588 782 1655 erat,
817 1572 982 1643 imbuere
1018 1588 1171 1643 conatus
1191 1573 1380 1670 estlaoo).

387 1691 468 1760 Non
508 1689 558 1757 ita
590 1688 707 1758 multo
740 1701 849 1785 post,
877 1671 1099 1804 Alerandriae
1115 1685 1117 1688 ’
1134 1689 1382 1773 Aristarchus,

387 1863 577 1942 (Virginiam)
602 1860 732 1938 ἐπίγαμον
749 1851 830 1919 οὖσαν
851 1859 924 1933 ἤδη,
948 1859 1109 1939 θεασάμενος
1120 1857 1235 1930 Ἄππιος
1253 1863 1384 1934 Κλαύδιος

386 1957 618 2037 (ίναγινιίισκουσαν
632 1959 659 2016 ἐν
671 1961 884 2036 γραμματιστοῦ·
899 1947 931 2028 ἦν
949 1953 976 2014 δὲ
988 1956 1022 2016 τὰ
1034 1958 1204 2018 διδασκαλεῖα
1215 1963 1268 2020 τῶν
1279 1962 1383 2022 παίδων

384 2053 443 2114 τότε
461 2053 521 2136 περὶ
541 2051 590 2124 τὴν
607 2051 714 2134 ἀγοράν.
730 2053 773 2111 Cf.
785 2054 814 2111 J.
834 2054 870 2112 G.
883 2054 1003 2127 walch,
1025 2056 1069 2112 De
1082 2073 1212 2132 gymnas.
1237 2057 1384 2118 litterariis

385 2166 518 2212 veterum
533 2153 743 2222 Romanorum,
762 2151 853 2221 denae,
869 2171 953 2221 1721.

426 2248 510 2328 (198)
529 2247 769 2307 Pseudo-Asson.
789 2246 819 2303 in
839 2246 936 2305 Divin.
963 2247 981 2324 §
1001 2257 1059 2320 47:
1083 2251 1228 2308 «Omnem
1254 2252 1383 2310 scholam

385 2345 484 2404 ludum
503 2344 605 2402 dixere
628 2343 764 2412 Romani,
781 2354 811 2400 et
827 2342 958 2420 magistri
975 2343 1036 2402 ludi
1057 2343 1195 2402 dicuntur
1208 2348 1259 2424 qui
1276 2349 1383 2426 primas

384 2443 494 2502 litteras
506 2442 621 2500 docent.
636 2467 648 2493 ο

425 2542 506 2620 (199)
522 2541 641 2600 Sueton.
659 2539 678 2596 l.
689 2539 720 2611 l.,
731 2539 761 2602 1:
777 2537 999 2616 «Antiquissimi
1013 2537 1177 2612 doctorum,
1189 2541 1240 2618 qui
1256 2541 1343 2600 iidem
1355 2556 1384 2602 et

384 2650 476 2718 poetae
490 2650 519 2694 et
533 2648 665 2694 oratores
685 2635 844 2712 semigraeci
866 2649 947 2693 erant
968 2635 1100 2714 (Livium
1113 2649 1143 2695 et
1161 2637 1288 2696 Ennium
1301 2638 1383 2712 dic0;

384 2754 458 2812 quos
478 2745 601 2810 utraque
621 2732 720 2810 lingua
733 2733 813 2790 domi
836 2733 965 2809 lorisque
986 2733 1120 2791 docuisse
1140 2734 1280 2792 adnotum
1304 2736 1384 2814 est),

384 2831 457 2888 nihil
472 2827 595 2906 amplius
610 2848 696 2905 quam
717 2849 809 2906 graeca
821 2828 1107 2908 interpretabantur3
1126 2852 1159 2890 ac
1171 2833 1196 2891 si
1210 2833 1281 2910 quid
1292 2833 1383 2892 latine

384 2927 441 3006 ipsi
461 2925 698 3006 composuissent,
714 2924 943 3004 praelegebant.»

425 3067 505 3148 (ooo)
518 3069 627 3139 Festus,
641 3067 672 3124 in
684 3086 746 3125 voc.
761 3067 883 3143 Regium
900 3086 907 3122 ι

444 3165 631 3225 Contendunt
639 3164 772 3222 Graecos:
788 3164 892 3222 Graios
904 3183 1065 3223 memorare
1089 3164 1181 3223 solent
1196 3184 1256 3238 sos,

443 3263 531 3334 Quod
552 3281 644 3340 graeca
658 3262 756 3340 lingua
771 3263 871 3340 longos
893 3281 946 3340 per
964 3263 1095 3342 tempori'
1107 3275 1233 3330 tractus,

442 3361 503 3417 llos
521 3359 597 3437 pavi.

425 3475 538 3535 Eodem
553 3475 612 3534 fere
637 3488 782 3554 tempore,
802 3477 852 3554 Sp.
876 3475 1017 3536 Carvilius
1039 3476 1149 3554 primus
1174 3475 1306 3534 mercede
1330 3477 1386 3536 do-

385 3573 454 3650 cuit,
467 3573 648 3650 litteramque
660 3577 714 3630 Ga
729 3573 752 3632 C
768 3571 901 3630 distinxit
912 3593 920 3644 ς
933 3572 1080 3632 Plutarch.
1095 3573 1200 3643 Quaest.
1213 3571 1297 3630 Rom.
1310 3573 1384 3650 LlX,

384 3690 415 3748 p.
428 3671 505 3744 278,
528 3668 573 3728 ed.
586 3667 686 3730 Didot.
704 3665 769 3750 τόψδ
781 3666 804 3726 δ’
818 3665 931 3748 ἤρξαντο
946 3671 1040 3746 μισθοῦ
1061 3666 1204 3740 διδάσκειν,
1219 3667 1264 3727 καλ
1280 3672 1384 3751 πρῶτος

384 3763 480 3848 ἀνέῳξε
493 3767 818 3849 γραμματοδιδασκαλεῖον
829 3764 943 3848 Σπόριος
955 3765 1107 3846 Καρὸίλιος,
1124 3763 1293 3848 ἀπελεύθερος
1305 3770 1384 3850 Καρ-

385 3862 471 3926 διλίοο
483 3869 530 3924 τοῦ
545 3862 652 3946 πρώτου
662 3860 957 3942 γαμετλνέκὸαλίντος.
967 3863 1058 3935 ldem,
1069 3862 1140 3921 ibid.
1152 3883 1181 3941 p.
1195 3884 1251 3937 277
1262 3863 1323 3923 ικαί
1332 3863 1384 3948 γδρ

385 3961 416 4022 τὸ
432 3965 457 4022 Κ
473 3960 538 4042 πρὸς
551 3961 582 4020 τδ
593 3963 617 4022 Γ
630 3958 782 4040 συγγένειαν
799 3959 856 4041 ἔχει
867 3960 931 4042 παρ’
944 3961 1047 4026 αὐτοῖς·
1063 3959 1111 4042 ὀψὲ
1123 3959 1176 4042 γὰρ
1183 3959 1332 4042 ἐχρήσαντο
1343 3965 1384 4044 τῷ

382 4057 489 4136 γάμμα,
502 4056 648 4138 Καρΰιλίου
663 4054 779 4137 Σπορίου
788 4053 1010 4136 προσεξευρόντος.
1020 4055 1134 4116 Ludunt
1141 4075 1258 4134 quoque
1270 4056 1385 4136 speruit

384 4153 733 4226 Chilo‚CatonisCeusorii
741 4171 855 4222 servum
864 4153 1010 4216 Plutarch.
1021 4154 1082 4214 Cat.
1093 4152 1160 4231 maj.
1172 4151 1384 4231 ΧΧιγενομίνου
