3194 5286
624 550 851 620 conuuua
874 551 932 617 ιν.
1143 576 1169 644 9
1290 625 1293 632 ,

398 752 560 822 Dicimus
576 766 709 842 autem,
724 749 948 848 quibuslibet
962 748 1172 820 homiuibus

395 883 1170 989 veldiscipulisuo'strismagisopusessetne·
1246 865 1251 886 ἶ

397 1033 573 1106 ditatione
590 1057 700 1130 quam
717 1033 786 1106 illis
798 1033 972 1110 omnibus
986 1037 1173 1132 praeceptis

397 1176 822 1270 quaequicumquedrtes
833 1173 978 1250 aliunde
990 1174 1174 1249 edoctiab-

402 1315 604 1402 solverunt,
621 1326 663 1382 ut
677 1315 751 1408 jem
771 1317 993 1384 monuimus.
1007 1319 1085 1389 Hoc
1101 1319 1174 1414 pri-

405 1479 506 1525 mum
528 1457 608 1543 erit,
622 1477 726 1524 orare
743 1477 857 1549 quum
876 1451 1175 1552 perpenderimus

401 1593 590 1692 quomodo
612 1593 752 1691 singula
783 1617 907 1692 reapse
927 1593 1030 1665 valde
1045 1620 1176 1667 conve·
1207 1667 1210 1680 ,

406 1740 508 1806 uiant
539 1737 737 1833 quaestioni.
768 1739 860 1806 Nam
886 1759 995 1833 penes
1017 1734 1177 1833 philoso-
1248 1713 1266 1790 '2

406 1877 500 1972 phos
513 1899 590 1949 esse
600 1867 804 1948 (irationem
820 1875 988 1948 derebus
1014 1902 1178 1958 commu·

407 2016 516 2090 nibus
529 2018 658 2114 aliquis
675 2018 804 2088 merito
813 2015 957 2088 dixerit:
977 2018 1078 2114 quod
1093 2024 1177 2116 qui·

408 2157 489 2228 dem
517 2155 730 2260 conceditur
771 2161 906 2230 nemini
944 2185 1073 2232 eorum
1115 2167 1201 2256 qui„

406 2295 605 2368 Rhetoricae
620 2297 855 2386 incumbunt3
878 2303 1065 2394 mirorque
1078 2301 1179 2396 quod

407 2439 591 2538 Callippus
615 2438 743 2511 doceat
778 2443 815 2510 iu
843 2443 964 2536 primo
990 2437 1179 2514 rhetorice
1225 2414 1231 2426 l

405 2580 510 2668 libro,
527 2584 662 2652 oraturi
678 2582 743 2676 qui
763 2577 1077 2653 adhortationibus
1092 2595 1195 2655 usus'

408 2720 572 2794 fueritin
591 2735 766 2820 promptu
790 2718 957 2793 futurum
977 2747 1053 2802 esse
1078 2748 1181 2797 accu-

405 2886 485 2932 sare
497 2886 563 2962 per
578 2861 721 2936 easdem
741 2866 908 2936 rationes.
924 2869 1071 2964 Tragice
1090 2883 1181 2963 quo·
1296 2911 1300 2924 ι

408 3002 492 3074 dam
511 2983 622 3102 modo
649 3002 776 3089 tradit,
813 3020 854 3104 ut
879 3030 954 3076 uno
971 3005 1084 3078 verbo
1103 3030 1180 3077 rem

406 3148 583 3243 aperiam,
609 3146 696 3216 tales
717 3149 825 3218 etiam
853 3144 1093 3243 amphiboliae
1118 3145 1180 3218 eli·

409 3310 493 3384 gere
521 3302 743 3385 patronum,
786 3279 1018 3384 articulisque
1057 3311 1180 3357 curam

411 3426 620 3526 impendere
660 3429 813 3500 multum
847 3427 1035 3534 prodesse,
1059 3443 1183 3534 *atque

410 3567 489 3638 illos
517 3571 580 3664 qui
606 3568 681 3663 jam
714 3567 820 3639 dictis
852 3567 919 3638 elia
951 3569 1100 3668 insuper
1123 3569 1184 3641 ad·

410 3707 503 3778 dunt
529 3709 804 3802 conjunctiones
822 3707 1033 3806 disponere,
1059 3713 1109 3788 ira
1141 3724 1184 3782 ut

282 3935 284 3940 Ι
341 3813 372 3914 s
410 3850 480 3921 sibi
494 3831 734 3948 respondeant
747 3877 757 3939 ;
772 3854 866 3923 sicut
882 3851 1039 3923 diximus
1065 3851 1103 3924 id
1127 3876 1184 3923 so·

412 3987 531 4059 lemne
577 4012 653 4060 esse
703 3987 801 4087 apud
847 4003 1013 4061 nostrum
1059 3967 1184 4086 sophi·

411 4144 516 4219 stam,
533 4145 569 4202 et
584 4113 682 4230 apud
694 4157 756 4206 eos
770 4134 836 4229 qui
852 4129 1186 4230 condideruntpoe·

909 4297 1063 4364 ¹ro
