3174 5284
430 549 497 632 ιίγίι
739 546 1090 618 tuttotl'uottts

424 708 536 791 ῦψῦχοις
556 707 591 768 τὰ
608 709 662 768 τιῦν
674 705 802 788 ίγιψόχων
820 706 995 789 προσάπτειν.
1015 706 1071 770 llll.
1092 725 1134 786 gt.
1150 705 1241 768 wala.
1263 721 1284 765 t.
1302 709 1363 782 ΙΙΙ,
1383 725 1412 788 p.

425 807 493 878 534.

464 904 498 962 t.
505 921 588 980 9—10.
595 899 647 962 Διὰ
658 898 962 981 μέσης-φυσιολογίας.
974 945 996 960 ..
1005 900 1129 975 Stoicos,
1135 914 1169 960 ut
1180 903 1298 981 opinor,
1309 903 1413 964 Noster

423 999 555 1058 lacessit:
576 997 654 1077 apud
675 1017 725 1056 eos
739 996 816 1056 euim
836 996 964 1074 physicae
985 1017 1032 1055 res
1052 998 1150 1056 locum
1166 1019 1266 1071 suum,
1288 1012 1318 1059 et
1332 1000 1413 1058 illum

424 1096 543 1174 quidem
554 1113 753 1174 permagnum,
766 1091 973 1164 obtinuerant;
987 1092 1018 1151 id
1030 1093 1110 1172 quod
1123 1094 1211 1153 docet
1223 1095 1309 1173 Diog.
1318 1096 1413 1155 laert.

423 1194 493 1265 vll,
513 1194 570 1269 39:
589 1193 712 1272 Τριμερῆ
730 1211 808 1271 φασιν
828 1179 895 1248 εἶναι
913 1187 959 1248 τὸν
978 1187 1048 1248 κατὰ
1067 1190 1222 1272 φιλοσοφίαν
1241 1189 1329 1270 λόγον·
1346 1181 1414 1250 εἶναι

421 1286 475 1369 γὰρ
495 1288 576 1346 αὐτοῦ
592 1285 623 1346 'ri
642 1283 691 1365 μὲν
712 1281 831 1366 φυσικόν·
848 1283 880 1344 τὸ
894 1282 939 1358 δὲ’,
953 1282 1054 1356 ἠθικόν·
1074 1284 1106 1345 τὸ
1123 1284 1168 1360 δὲ,
1188 1284 1307 1366 λογικόν.
1327 1287 1414 1357 1ῦίό.,

426 1387 503 1445 132:
520 1383 575 1446 Τὸν
596 1381 625 1443 δὲ
640 1380 748 1466 φυσικόν
766 1380 845 1461 λόγον
866 1383 1010 1462 διαιροῦσιν
1029 1379 1066 1448 τίς
1083 1405 1113 1442 τι
1134 1380 1180 1442 τόν
1200 1382 1262 1465 περὶ
1281 1383 1414 1462 σωμάτων

422 1481 514 1558 τόπον,
533 1478 579 1542 καί
594 1480 656 1564 περὶ
672 1481 780 1562 ἀρχῶν,
800 1478 846 1539 καί
865 1477 1019 1559 στοιχείων,
1038 1478 1084 1540 καί
1101 1481 1197 1556 Θεῶν,
1218 1479 1265 1540 καί
1280 1479 1414 1563 περάτων,

421 1577 467 1639 καὶ
481 1577 573 1653 τόπου,
584 1578 631 1638 καλ
643 1582 719 1637 κενοῦ
736 1577 795 1636 κτλ
806 1577 840 1635 ln
853 1576 888 1634 iis
902 1595 965 1654 quae
978 1589 1141 1654 sequuntur
1152 1578 1215 1636 fuse
1231 1578 1321 1637 tradit
1327 1578 1413 1657 uiog.

421 1679 520 1738 Laert.
543 1676 706 1750 Stoicorum
729 1674 837 1754 placita
856 1677 902 1732 Dc
921 1675 1052 1750 Physicis.
1066 1676 1247 1754 Quamquam
1267 1695 1327 1735 non
1345 1695 1415 1734 con·

422 1776 492 1853 statl
507 1793 603 1853 neque
625 1786 757 1833 constare
773 1784 886 1850 potest,
913 1791 1004 1851 quum
1022 1773 1192 1856 Stoicorum
1211 1781 1297 1836 Artes
1321 1775 1415 1834 rheto

421 1873 489 1930 ricae
502 1870 676 1944 interierint,
696 1889 747 1930 eos
759 1868 894 1928 docuisse
908 1867 1077 1952 φυσιολογίαν
1090 1870 1121 1928 in
1132 1871 1307 1948 Eloquentia
1316 1871 1413 1949 magni

421 1987 484 2026 esse
498 1966 655 2036 momenti,
677 1951 710 2026 i't
733 1977 829 2025 tamen
856 1964 1002 2042 conjicere
1023 1965 1101 2025 licet.
1125 1966 1316 2046 compertum
1335 1967 1414 2027 enim

420 2062 562 2124 habemus
585 2063 617 2121 in
641 2063 746 2122 horum
774 2061 929 2142 disciplina
952 2061 1139 2123 Rhetoricam
1163 2081 1231 2124 cum
1257 2063 1413 2124 Dialectica

421 2161 510 2220 fixisse
529 2151 669 2238 junctam.
692 2159 739 2220 cf.
754 2158 814 2220 Cic.
837 2159 917 2218 Orat.
938 2159 1069 2235 xxxin
1098 2161 1219 2220 Dissert.
1242 2157 1356 2240 isagog.
1381 2181 1411 2239 p.

395 2243 398 2254 ⁵
421 2257 578 2320 Llll-LXI.
602 2256 742 2316 Doctrina
775 2273 879 2317 eorum
909 2259 963 2314 De«
979 2258 1113 2316 Oratione
1135 2256 1287 2337 spectabat
1304 2277 1360 2333 eo,
1380 2269 1414 2316 ut

417 2353 609 2416 'ostenderent
634 2373 672 2413 ex
688 2353 744 2413 hac
758 2351 885 2432 pendere
910 2353 1027 2429 omnia,
1051 2373 1116 2434 quae
1131 2354 1193 2414 sive
1207 2353 1245 2414 ad
1267 2374 1314 2416 res
1340 2355 1415 2434 phy·

422 2453 512 2526 sicas,
535 2450 597 2510 sive
618 2448 657 2509 acl
679 2467 795 2508 morum
817 2447 1000 2528 disciplinam
1027 2449 1191 2528 pertinent,
1212 2449 1298 2530 Diog.
1316 2450 1412 2510 laert.

422 2546 514 2622 ibid.,
540 2545 597 2605 83:
622 2543 679 2606 Kal
694 2547 807 2604 τοιοῦτοι
833 2541 881 2623 μὲν
901 2545 929 2603 ἐν
957 2551 1010 2612 τοῖς
1031 2545 1147 2624 λογικοῖς
1166 2547 1191 2605 ol
1215 2544 1350 2619 Στωϊκοὶ,
1368 2542 1414 2604 ἵνα

423 2644 541 2724 μάλιστα
575 2639 724 2725 κρατύνωσι
757 2639 921 2702 διαλεκτικὸν
956 2641 999 2702 ἀεὶ
1025 2631 1092 2702 εἶναι
1123 2641 1168 2727 τόν
1197 2641 1285 2726 σοφόν.
1317 2639 1413 2705 Πόντα

421 2740 473 2823 γὰρ
496 2737 531 2800 τὰ
557 2736 704 2822 πράγματα
735 2735 777 2797 διὰ
807 2741 855 2810 τῆς
884 2741 910 2798 ἐν
947 2737 1035 2819 λόγοις
1065 2738 1182 2822 ’θεωρίας
1207 2744 1335 2820 ὁρᾶσθαι,
1362 2738 1414 2800 ὅσα

346 2839 349 2846 ’
421 2859 452 2898 τε
478 2841 525 2896 τοῦ
549 2838 666 2919 φυσικοῦ
682 2833 764 2894 τόπου
786 2833 934 2914 τυγχάνει,
953 2833 999 2894 καλ
1022 2825 1056 2894 ul
1074 2835 1155 2896 πόλιν
1182 2834 1233 2896 ὅσα
1249 2841 1296 2895 τοῦ
1310 2839 1413 2908 ἠθικοῦ.

422 2934 561 3014 Epicurei
586 2945 683 2992 autern
712 2951 743 2991 se
764 2932 952 3012 physiologiae
981 2933 1171 3010 peritissimos
1199 2953 1261 2994 esse
1278 2934 1414 3013 pradica-

422 3032 502 3092 bant.
517 3031 560 3094 Cf.
576 3030 723 3091 Plutarch.
742 3031 787 3090 lte
809 3029 1000 3090 Oraculorum
1016 3029 1141 3106 defectu,
1157 3031 1263 3105 cvll,
1289 3051 1320 3110 p.
1335 3033 1413 3102 434,

373 3137 380 3153 ·
422 3129 468 3190 ed.
497 3130 595 3189 tteist.
620 3127 684 3189 ttoc
714 3127 809 3186 firmat
835 3126 1017 3203 Polystratus
1039 3126 1146 3186 tlocens
1174 3128 1325 3188 veritatem
1359 3148 1415 3208 per

422 3237 532 3285 r'ectam
545 3223 759 3304 physiologiam
772 3222 945 3284 eliciendum
959 3243 1035 3299 esse,
1058 3222 1277 3312 Epicureostpre
1292 3245 1413 3304 praepo·-

423 3321 534 3381 nendos
548 3340 610 3381 esse
630 3321 742 3380 caeteris
768 3319 960 3400 philosophis,
980 3340 1055 3399 quos
1067 3340 1128 3380 uon
1148 3323 1231 3403 ὀρθῶς
1249 3323 1414 3402 φυσιολογεῖν
1514 3401 1522 3416 ⁴

421 3420 537 3478 innuit:
561 3417 653 3491 Μηδὲν
667 3416 736 3498 μήτε
749 3416 811 3500 περὶ
825 3421 873 3489 τῆς
887 3417 978 3478 τούτου
994 3417 1151 3498 (subintell.
1162 3418 1245 3499 Θεοῦ)
1255 3419 1356 3502 φύσεως
1366 3418 1413 3480 καὶ

424 3514 574 3597 βουλήσεως
588 3513 768 3589 ἐξετάσαντας,
785 3514 854 3593 μήτε
866 3513 927 3596 ’περὶ
944 3517 992 3587 τῆς
1010 3513 1149 3596 ἡμετέρας.
1162 3516 1415 3595 Φυσιυλογίσαντας

423 3615 446 3673 θ’
462 3615 543 3696 ὀρθῶς
559 3610 620 3693 περί
633 3611 740 3673 πάντων
759 3610 858 3672 τούτων
882 3611 968 3690 μόνως
989 3611 1046 3672 ἐστί
1069 3612 1118 3688 τὴν
1144 3613 1268 3687 ἀλήθειαν
1290 3615 1414 3674 συνιδεῖν.

421 3709 477 3773 Καὶ
489 3707 541 3792 γὰρ
555 3706 588 3768 τὰ
601 3707 698 3770 δυνατὰ
710 3707 756 3769 καί
769 3709 901 3782 ἀδύνατα,
922 3707 974 3770 είτε
992 3708 1061 3769 κατὰ
1080 3709 1187 3786 οὐσίαν,
1207 3709 1259 3770 εἴτε
1279 3709 1349 3770 κατὰ
1364 3709 1415 3770 δό-

421 3832 511 3888 ναμιν,
530 3805 548 3880 ἢ
564 3805 695 3888 ἐνίργειυίν
710 3809 794 3880 ἐστιν,
809 3807 965 3885 Polystrat.
977 3809 1021 3868 l)e
1034 3806 1143 3886 injusto
1163 3808 1340 3887 contemptu
1353 3807 1415 3886 (alii

420 3921 492 3964 vero
507 3903 690 3964 inscribunt:
704 3906 834 3961 adversus
846 3923 912 3974 eor,
937 3910 987 3980 qui
1001 3910 1100 3979 injuste
1117 3919 1295 3963 contemnunt
1305 3909 1414 3982 opinio-

420 4023 471 4060 nes
483 4004 562 4079 apud
566 4006 664 4060 multos
671 3998 814 4079 receptos),
828 4002 884 4060 col.
896 4000 989 4076 v-w,
997 4020 1027 4080 p.
1039 4001 1262 4076 11-13,Volum.
1274 4002 1415 4062 llercula-

421 4100 553 4162 neusium
571 4117 636 4178 quaa
649 4109 805 4178 supersunt
824 4113 844 4157 t.
860 4099 908 4172 tv,
936 4099 1068 4180 Neapoli,
1087 4101 1173 4159 1832.
1189 4099 1267 4170 Quid
1288 4098 1414 4178 proinde
1522 4127 1525 4132 ·
