<?xml version="1.0" encoding="UTF-8"?>
<!DOCTYPE html PUBLIC "-//W3C//DTD XHTML 1.0 Transitional//EN"
    "http://www.w3.org/TR/xhtml1/DTD/xhtml1-transitional.dtd">
<html xmlns="http://www.w3.org/1999/xhtml" xml:lang="en" lang="en">
 <head>
  <title>
</title>
<meta http-equiv="Content-Type" content="text/html;charset=utf-8" />
  <meta name='ocr-system' content='tesseract 3.04.00' />
  <meta name='ocr-capabilities' content='ocr_page ocr_carea ocr_par ocr_line ocrx_word'/>
</head>
<body>
  <div class='ocr_page' id='page_1' title='image "./philodemirhetor01philgoog_0260.png"; bbox 0 0 3174 5284; ppageno 0'>
   <div class='ocr_carea' id='block_1_1' title="bbox 451 478 1146 618">
    <p class='ocr_par' dir='ltr' id='par_1_1' title="bbox 451 478 1146 618">
     <span class='ocr_line' id='line_1_1' title="bbox 451 478 1146 618; baseline 0.009 -32"><span class='ocrx_word' id='word_1_1' title='bbox 451 519 501 588; x_wconf 81' lang='lat' dir='ltr'><strong>m</strong></span> <span class='ocrx_word' id='word_1_2' title='bbox 526 478 847 588; x_wconf 69' lang='lat' dir='ltr'><strong>PHILODEMUM.</strong></span> <span class='ocrx_word' id='word_1_3' title='bbox 1087 545 1146 618; x_wconf 59' lang='grc' dir='ltr'>ιι,</span> 
     </span>
    </p>
   </div>
   <div class='ocr_carea' id='block_1_2' title="bbox 156 685 1159 1836">
    <p class='ocr_par' dir='ltr' id='par_1_2' title="bbox 156 685 1157 1448">
     <span class='ocr_line' id='line_1_2' title="bbox 156 685 1151 764; baseline -0.001 -13"><span class='ocrx_word' id='word_1_4' title='bbox 156 692 268 752; x_wconf 71' lang='lat' dir='ltr'><strong>caeteris</strong></span> <span class='ocrx_word' id='word_1_5' title='bbox 281 688 390 750; x_wconf 81' lang='lat' dir='ltr'><strong>artibus</strong></span> <span class='ocrx_word' id='word_1_6' title='bbox 409 699 608 764; x_wconf 75' lang='lat' dir='ltr'><strong>conjungatur.</strong></span> <span class='ocrx_word' id='word_1_7' title='bbox 619 689 653 742; x_wconf 92' lang='lat' dir='ltr'><strong>In</strong></span> <span class='ocrx_word' id='word_1_8' title='bbox 668 705 726 762; x_wconf 85' lang='lat' dir='ltr'><strong>quo</strong></span> <span class='ocrx_word' id='word_1_9' title='bbox 745 685 887 744; x_wconf 84' lang='lat' dir='ltr'><strong>consentit</strong></span> <span class='ocrx_word' id='word_1_10' title='bbox 910 705 975 745; x_wconf 88' lang='lat' dir='ltr'><strong>cum</strong></span> <span class='ocrx_word' id='word_1_11' title='bbox 999 688 1151 750; x_wconf 74' lang='lat' dir='ltr'>Aristotele</span> 
     </span>
     <span class='ocr_line' id='line_1_3' title="bbox 156 783 1150 865; baseline -0.004 -15"><span class='ocrx_word' id='word_1_12' title='bbox 156 792 284 850; x_wconf 86' lang='lat' dir='ltr'>docente</span> <span class='ocrx_word' id='word_1_13' title='bbox 317 784 459 865; x_wconf 84' lang='lat' dir='ltr'><strong>poematis</strong></span> <span class='ocrx_word' id='word_1_14' title='bbox 492 783 670 862; x_wconf 89' lang='lat' dir='ltr'><strong>scenicisqne</strong></span> <span class='ocrx_word' id='word_1_15' title='bbox 699 783 773 842; x_wconf 89' lang='lat' dir='ltr'><strong>ludis</strong></span> <span class='ocrx_word' id='word_1_16' title='bbox 811 784 932 844; x_wconf 81' lang='lat' dir='ltr'><strong>Actione</strong></span> <span class='ocrx_word' id='word_1_17' title='bbox 966 802 1040 863; x_wconf 86' lang='lat' dir='ltr'><strong>opus</strong></span> <span class='ocrx_word' id='word_1_18' title='bbox 1071 808 1150 858; x_wconf 84' lang='lat' dir='ltr'><strong>csse,</strong></span> 
     </span>
     <span class='ocr_line' id='line_1_4' title="bbox 159 869 1152 962; baseline -0.003 -15"><span class='ocrx_word' id='word_1_19' title='bbox 159 883 244 947; x_wconf 80' lang='lat' dir='ltr'><strong>Rhet.</strong></span> <span class='ocrx_word' id='word_1_20' title='bbox 255 886 297 945; x_wconf 87' lang='lat' dir='ltr'><strong>ltl</strong></span> <span class='ocrx_word' id='word_1_21' title='bbox 308 929 316 955; x_wconf 89' lang='lat'>,</span> <span class='ocrx_word' id='word_1_22' title='bbox 329 905 341 940; x_wconf 93' lang='lat'>1</span> <span class='ocrx_word' id='word_1_23' title='bbox 356 907 362 940; x_wconf 78' lang='grc' dir='ltr'>ι</span> <span class='ocrx_word' id='word_1_24' title='bbox 375 882 463 952; x_wconf 76' lang='grc' dir='ltr'>Δῆλον</span> <span class='ocrx_word' id='word_1_25' title='bbox 477 869 522 940; x_wconf 64' lang='grc' dir='ltr'><strong>οὖν</strong></span> <span class='ocrx_word' id='word_1_26' title='bbox 534 879 574 938; x_wconf 79' lang='grc' dir='ltr'><strong>ὅτι</strong></span> <span class='ocrx_word' id='word_1_27' title='bbox 585 879 629 939; x_wconf 76' lang='grc' dir='ltr'><strong>καλ</strong></span> <span class='ocrx_word' id='word_1_28' title='bbox 638 879 698 962; x_wconf 72' lang='grc' dir='ltr'>περὶ</span> <span class='ocrx_word' id='word_1_29' title='bbox 712 877 759 952; x_wconf 76' lang='grc' dir='ltr'>τὴν</span> <span class='ocrx_word' id='word_1_30' title='bbox 775 879 913 962; x_wconf 78' lang='grc' dir='ltr'>ῥητορικήν</span> <span class='ocrx_word' id='word_1_31' title='bbox 928 882 1023 942; x_wconf 79' lang='grc' dir='ltr'>ἔστιτὸ</span> <span class='ocrx_word' id='word_1_32' title='bbox 1036 889 1152 944; x_wconf 79' lang='grc' dir='ltr'>τοιοῦτον</span> 
     </span>
     <span class='ocr_line' id='line_1_5' title="bbox 161 973 1154 1063; baseline -0.004 -21"><span class='ocrx_word' id='word_1_33' title='bbox 161 975 202 1063; x_wconf 79' lang='lat' dir='ltr'><strong>(h.</strong></span> <span class='ocrx_word' id='word_1_34' title='bbox 216 1003 240 1042; x_wconf 88' lang='lat' dir='ltr'><strong>e.</strong></span> <span class='ocrx_word' id='word_1_35' title='bbox 254 987 272 1054; x_wconf 77' lang='grc' dir='ltr'>ἡ</span> <span class='ocrx_word' id='word_1_36' title='bbox 290 977 441 1062; x_wconf 80' lang='grc' dir='ltr'>ὑπόκρισις)</span> <span class='ocrx_word' id='word_1_37' title='bbox 452 973 558 1060; x_wconf 77' lang='grc' dir='ltr'>,ὥσπερ</span> <span class='ocrx_word' id='word_1_38' title='bbox 571 977 616 1037; x_wconf 79' lang='grc' dir='ltr'><strong>καὶ</strong></span> <span class='ocrx_word' id='word_1_39' title='bbox 638 975 697 1058; x_wconf 81' lang='grc' dir='ltr'>περὶ</span> <span class='ocrx_word' id='word_1_40' title='bbox 709 973 757 1050; x_wconf 78' lang='grc' dir='ltr'>τὴν</span> <span class='ocrx_word' id='word_1_41' title='bbox 773 976 922 1049; x_wconf 75' lang='grc' dir='ltr'>ποιητικήν.</span> <span class='ocrx_word' id='word_1_42' title='bbox 938 979 980 1038; x_wconf 88' lang='lat' dir='ltr'><strong>Cs.</strong></span> <span class='ocrx_word' id='word_1_43' title='bbox 999 980 1072 1041; x_wconf 88' lang='lat' dir='ltr'><strong>lbid.</strong></span> <span class='ocrx_word' id='word_1_44' title='bbox 1091 983 1154 1041; x_wconf 84' lang='grc' dir='ltr'><strong>ΧΠ.</strong></span> 
     </span>
     <span class='ocr_line' id='line_1_6' title="bbox 162 1073 1153 1158; baseline -0.005 -17"><span class='ocrx_word' id='word_1_45' title='bbox 162 1080 321 1158; x_wconf 77' lang='lat' dir='ltr'>subjiciam</span> <span class='ocrx_word' id='word_1_46' title='bbox 330 1084 476 1153; x_wconf 78' lang='lat' dir='ltr'><strong>Anonym.</strong></span> <span class='ocrx_word' id='word_1_47' title='bbox 491 1077 633 1137; x_wconf 83' lang='lat' dir='ltr'><strong>Rhetoric.</strong></span> <span class='ocrx_word' id='word_1_48' title='bbox 644 1076 806 1153; x_wconf 80' lang='lat' dir='ltr'><strong>Prolegom.</strong></span> <span class='ocrx_word' id='word_1_49' title='bbox 821 1098 827 1133; x_wconf 96' lang='lat'><strong>:</strong></span> <span class='ocrx_word' id='word_1_50' title='bbox 840 1073 876 1135; x_wconf 88' lang='lat' dir='ltr'><strong>‘H</strong></span> <span class='ocrx_word' id='word_1_51' title='bbox 888 1073 916 1134; x_wconf 74' lang='grc' dir='ltr'><strong>δὲ</strong></span> <span class='ocrx_word' id='word_1_52' title='bbox 926 1074 1059 1158; x_wconf 71' lang='grc' dir='ltr'>ὑπόκρισίς</span> <span class='ocrx_word' id='word_1_53' title='bbox 1072 1080 1153 1151; x_wconf 83' lang='grc' dir='ltr'>ἐστιν,</span> 
     </span>
     <span class='ocr_line' id='line_1_7' title="bbox 159 1172 1154 1260; baseline -0.001 -24"><span class='ocrx_word' id='word_1_54' title='bbox 159 1176 206 1239; x_wconf 73' lang='grc' dir='ltr'><strong>ἵνα</strong></span> <span class='ocrx_word' id='word_1_55' title='bbox 220 1179 266 1238; x_wconf 77' lang='grc' dir='ltr'><strong>καὶ</strong></span> <span class='ocrx_word' id='word_1_56' title='bbox 289 1182 327 1260; x_wconf 81' lang='grc' dir='ltr'>τῷ</span> <span class='ocrx_word' id='word_1_57' title='bbox 347 1175 477 1255; x_wconf 75' lang='grc' dir='ltr'>σχήματι,</span> <span class='ocrx_word' id='word_1_58' title='bbox 490 1175 536 1235; x_wconf 79' lang='grc' dir='ltr'><strong>καὶ</strong></span> <span class='ocrx_word' id='word_1_59' title='bbox 552 1177 590 1255; x_wconf 81' lang='grc' dir='ltr'>τῷ</span> <span class='ocrx_word' id='word_1_60' title='bbox 612 1172 815 1251; x_wconf 76' lang='grc' dir='ltr'>βλέμματι,καλ</span> <span class='ocrx_word' id='word_1_61' title='bbox 836 1175 870 1253; x_wconf 76' lang='grc' dir='ltr'>τῇ</span> <span class='ocrx_word' id='word_1_62' title='bbox 891 1179 964 1255; x_wconf 85' lang='grc' dir='ltr'>φωνῇ</span> <span class='ocrx_word' id='word_1_63' title='bbox 984 1177 1019 1242; x_wconf 83' lang='grc' dir='ltr'><strong>ὡς</strong></span> <span class='ocrx_word' id='word_1_64' title='bbox 1040 1174 1070 1234; x_wconf 81' lang='grc' dir='ltr'><strong>ἂν</strong></span> <span class='ocrx_word' id='word_1_65' title='bbox 1086 1199 1154 1256; x_wconf 89' lang='grc' dir='ltr'>τρα-</span> 
     </span>
     <span class='ocr_line' id='line_1_8' title="bbox 160 1267 1157 1358; baseline 0 -25"><span class='ocrx_word' id='word_1_66' title='bbox 160 1277 245 1357; x_wconf 75' lang='grc' dir='ltr'>γῳδὸς</span> <span class='ocrx_word' id='word_1_67' title='bbox 267 1276 373 1358; x_wconf 84' lang='grc' dir='ltr'>ἄριστος</span> <span class='ocrx_word' id='word_1_68' title='bbox 396 1277 485 1341; x_wconf 80' lang='grc' dir='ltr'>καλῶς</span> <span class='ocrx_word' id='word_1_69' title='bbox 509 1280 563 1338; x_wconf 88' lang='grc' dir='ltr'>τοῖς</span> <span class='ocrx_word' id='word_1_70' title='bbox 584 1268 734 1349; x_wconf 77' lang='grc' dir='ltr'>λεγομένοις</span> <span class='ocrx_word' id='word_1_71' title='bbox 760 1267 999 1350; x_wconf 81' lang='grc' dir='ltr'>συσχηματίζηται.</span> <span class='ocrx_word' id='word_1_72' title='bbox 1025 1273 1079 1336; x_wconf 76' lang='lat' dir='ltr'><strong>nh.</strong></span> <span class='ocrx_word' id='word_1_73' title='bbox 1110 1293 1157 1351; x_wconf 83' lang='lat' dir='ltr'><strong>gr.</strong></span> 
     </span>
     <span class='ocr_line' id='line_1_9' title="bbox 164 1371 466 1448; baseline -0.003 -20"><span class='ocrx_word' id='word_1_74' title='bbox 164 1373 254 1431; x_wconf 87' lang='lat' dir='ltr'><strong>Wal&#39;z.</strong></span> <span class='ocrx_word' id='word_1_75' title='bbox 270 1385 290 1429; x_wconf 88' lang='lat' dir='ltr'><strong>t.</strong></span> <span class='ocrx_word' id='word_1_76' title='bbox 308 1372 403 1448; x_wconf 79' lang='lat' dir='ltr'>V1,p.</span> <span class='ocrx_word' id='word_1_77' title='bbox 419 1371 466 1429; x_wconf 83' lang='lat'><strong>35.</strong></span> 
     </span>
    </p>

    <p class='ocr_par' dir='ltr' id='par_1_3' title="bbox 165 1463 1159 1836">
     <span class='ocr_line' id='line_1_10' title="bbox 207 1463 1159 1543; baseline -0.004 -15"><span class='ocrx_word' id='word_1_78' title='bbox 207 1472 239 1528; x_wconf 81' lang='lat' dir='ltr'><strong>ln</strong></span> <span class='ocrx_word' id='word_1_79' title='bbox 266 1469 462 1527; x_wconf 85' lang='lat' dir='ltr'><strong>Grammatiea</strong></span> <span class='ocrx_word' id='word_1_80' title='bbox 495 1485 610 1543; x_wconf 90' lang='lat' dir='ltr'><strong>quoque</strong></span> <span class='ocrx_word' id='word_1_81' title='bbox 636 1465 731 1522; x_wconf 80' lang='lat' dir='ltr'><strong>locum</strong></span> <span class='ocrx_word' id='word_1_82' title='bbox 757 1463 865 1522; x_wconf 89' lang='lat' dir='ltr'><strong>habere</strong></span> <span class='ocrx_word' id='word_1_83' title='bbox 893 1466 1042 1524; x_wconf 74' lang='lat' dir='ltr'><strong>Actionem</strong></span> <span class='ocrx_word' id='word_1_84' title='bbox 1071 1465 1159 1524; x_wconf 79' lang='lat' dir='ltr'><strong>tradit</strong></span> 
     </span>
     <span class='ocr_line' id='line_1_11' title="bbox 166 1560 1158 1640; baseline -0.004 -16"><span class='ocrx_word' id='word_1_85' title='bbox 166 1567 285 1624; x_wconf 65' lang='lat' dir='ltr'><strong>aristot.</strong></span> <span class='ocrx_word' id='word_1_86' title='bbox 303 1564 412 1624; x_wconf 84' lang='lat' dir='ltr'><strong>l&#39;oetic.</strong></span> <span class='ocrx_word' id='word_1_87' title='bbox 429 1563 511 1632; x_wconf 87' lang='lat' dir='ltr'>XIX,</span> <span class='ocrx_word' id='word_1_88' title='bbox 527 1562 589 1622; x_wconf 83' lang='lat' dir='ltr'><strong>XX:</strong></span> <span class='ocrx_word' id='word_1_89' title='bbox 604 1561 647 1619; x_wconf 84' lang='lat' dir='ltr'><strong>cf.</strong></span> <span class='ocrx_word' id='word_1_90' title='bbox 662 1561 704 1620; x_wconf 86' lang='lat' dir='ltr'><strong>Cl.</strong></span> <span class='ocrx_word' id='word_1_91' title='bbox 719 1560 844 1639; x_wconf 85' lang='lat' dir='ltr'><strong>Segnier.</strong></span> <span class='ocrx_word' id='word_1_92' title='bbox 859 1561 890 1618; x_wconf 89' lang='lat' dir='ltr'><strong>in</strong></span> <span class='ocrx_word' id='word_1_93' title='bbox 907 1560 983 1618; x_wconf 87' lang='lat' dir='ltr'><strong>libro</strong></span> <span class='ocrx_word' id='word_1_94' title='bbox 1001 1562 1158 1640; x_wconf 86' lang='lat' dir='ltr'><strong>inscripto:</strong></span> 
     </span>
     <span class='ocr_line' id='line_1_12' title="bbox 165 1647 1159 1746; baseline -0.004 -25"><span class='ocrx_word' id='word_1_95' title='bbox 165 1664 207 1721; x_wconf 84' lang='lat' dir='ltr'><strong>La</strong></span> <span class='ocrx_word' id='word_1_96' title='bbox 226 1661 410 1740; x_wconf 84' lang='lat' dir='ltr'>philosophie</span> <span class='ocrx_word' id='word_1_97' title='bbox 427 1647 470 1717; x_wconf 80' lang='lat' dir='ltr'><strong>&#39;du</strong></span> <span class='ocrx_word' id='word_1_98' title='bbox 490 1660 623 1736; x_wconf 77' lang='lat' dir='ltr'><strong>langage‚</strong></span> <span class='ocrx_word' id='word_1_99' title='bbox 639 1659 763 1738; x_wconf 74' lang='lat' dir='ltr'><strong>exposce</strong></span> <span class='ocrx_word' id='word_1_100' title='bbox 786 1658 901 1735; x_wconf 75' lang='lat' dir='ltr'><strong>d’apres</strong></span> <span class='ocrx_word' id='word_1_101' title='bbox 920 1659 1159 1746; x_wconf 29' lang='lat' dir='ltr'><strong>AristoteQParis</strong></span> 
     </span>
     <span class='ocr_line' id='line_1_13' title="bbox 170 1741 962 1836; baseline -0.004 -20"><span class='ocrx_word' id='word_1_102' title='bbox 170 1755 523 1836; x_wconf 46' lang='lat' dir='ltr'><strong>masinissam-99.</strong></span> <span class='ocrx_word' id='word_1_103' title='bbox 956 1741 962 1752; x_wconf 92' lang='lat'>&#39;</span> 
     </span>
    </p>
   </div>
   <div class='ocr_carea' id='block_1_3' title="bbox 585 1899 736 1920">
    <p class='ocr_par' dir='ltr' id='par_1_4' title="bbox 585 1899 736 1920">
     <span class='ocr_line' id='line_1_14' title="bbox 585 1899 736 1920; baseline 0.007 -7"><span class='ocrx_word' id='word_1_104' title='bbox 585 1899 736 1920; x_wconf 60' lang='lat' dir='ltr'><strong>nn*—</strong></span> 
     </span>
    </p>
   </div>
   <div class='ocr_carea' id='block_1_4' title="bbox 495 2025 835 2097">
    <p class='ocr_par' dir='ltr' id='par_1_5' title="bbox 495 2025 835 2097">
     <span class='ocr_line' id='line_1_15' title="bbox 495 2025 835 2097; baseline -0.003 0"><span class='ocrx_word' id='word_1_105' title='bbox 495 2025 713 2097; x_wconf 80' lang='lat' dir='ltr'><strong>COLUMNA</strong></span> <span class='ocrx_word' id='word_1_106' title='bbox 741 2031 835 2097; x_wconf 87' lang='lat' dir='ltr'><strong>XIV.</strong></span> 
     </span>
    </p>
   </div>
   <div class='ocr_carea' id='block_1_5' title="bbox 169 2196 1238 3346">
    <p class='ocr_par' dir='ltr' id='par_1_6' title="bbox 169 2196 1238 3346">
     <span class='ocr_line' id='line_1_16' title="bbox 208 2196 1166 2276; baseline -0.002 -18"><span class='ocrx_word' id='word_1_107' title='bbox 208 2200 242 2258; x_wconf 86' lang='lat' dir='ltr'><strong>V.</strong></span> <span class='ocrx_word' id='word_1_108' title='bbox 268 2207 352 2276; x_wconf 69' lang='grc'><strong>4-9.</strong></span> <span class='ocrx_word' id='word_1_109' title='bbox 386 2196 494 2264; x_wconf 82' lang='grc' dir='ltr'>Ἰδόντες</span> <span class='ocrx_word' id='word_1_110' title='bbox 510 2231 550 2243; x_wconf 88' lang='grc'>-</span> <span class='ocrx_word' id='word_1_111' title='bbox 566 2197 800 2256; x_wconf 70' lang='grc' dir='ltr'>ἀντιποιοῦνται..</span> <span class='ocrx_word' id='word_1_112' title='bbox 823 2243 830 2254; x_wconf 94' lang='grc'><strong>.</strong></span> <span class='ocrx_word' id='word_1_113' title='bbox 867 2199 908 2255; x_wconf 84' lang='lat' dir='ltr'><strong>Ea</strong></span> <span class='ocrx_word' id='word_1_114' title='bbox 938 2217 1002 2274; x_wconf 85' lang='lat' dir='ltr'><strong>quae</strong></span> <span class='ocrx_word' id='word_1_115' title='bbox 1033 2217 1166 2274; x_wconf 72' lang='lat' dir='ltr'><strong>propono</strong></span> 
     </span>
     <span class='ocr_line' id='line_1_17' title="bbox 169 2293 1167 2369; baseline -0.004 -15"><span class='ocrx_word' id='word_1_116' title='bbox 169 2296 321 2354; x_wconf 83' lang='lat' dir='ltr'><strong>conferens</strong></span> <span class='ocrx_word' id='word_1_117' title='bbox 349 2306 458 2352; x_wconf 87' lang='lat' dir='ltr'><strong>attente</strong></span> <span class='ocrx_word' id='word_1_118' title='bbox 477 2313 543 2352; x_wconf 92' lang='lat' dir='ltr'><strong>cum</strong></span> <span class='ocrx_word' id='word_1_119' title='bbox 558 2294 707 2351; x_wconf 88' lang='lat' dir='ltr'><strong>elementis</strong></span> <span class='ocrx_word' id='word_1_120' title='bbox 729 2313 804 2369; x_wconf 64' lang='lat' dir='ltr'><strong>quic,</strong></span> <span class='ocrx_word' id='word_1_121' title='bbox 821 2293 881 2351; x_wconf 89' lang='lat' dir='ltr'><strong>sive</strong></span> <span class='ocrx_word' id='word_1_122' title='bbox 894 2304 1049 2350; x_wconf 87' lang='lat' dir='ltr'><strong>occurrunt</strong></span> <span class='ocrx_word' id='word_1_123' title='bbox 1065 2293 1096 2349; x_wconf 90' lang='lat' dir='ltr'><strong>in</strong></span> <span class='ocrx_word' id='word_1_124' title='bbox 1115 2314 1167 2350; x_wconf 93' lang='lat' dir='ltr'><strong>co-</strong></span> 
     </span>
     <span class='ocr_line' id='line_1_18' title="bbox 171 2388 1169 2468; baseline -0.001 -20"><span class='ocrx_word' id='word_1_125' title='bbox 171 2393 283 2465; x_wconf 88' lang='lat' dir='ltr'><strong>lumna,</strong></span> <span class='ocrx_word' id='word_1_126' title='bbox 326 2391 387 2448; x_wconf 84' lang='lat' dir='ltr'><strong>sive</strong></span> <span class='ocrx_word' id='word_1_127' title='bbox 415 2391 446 2448; x_wconf 91' lang='lat' dir='ltr'><strong>in</strong></span> <span class='ocrx_word' id='word_1_128' title='bbox 484 2390 613 2468; x_wconf 81' lang='lat' dir='ltr'><strong>margine</strong></span> <span class='ocrx_word' id='word_1_129' title='bbox 650 2389 872 2468; x_wconf 79' lang='lat' dir='ltr'><strong>disperguntur,</strong></span> <span class='ocrx_word' id='word_1_130' title='bbox 902 2408 961 2446; x_wconf 92' lang='lat' dir='ltr'><strong>non</strong></span> <span class='ocrx_word' id='word_1_131' title='bbox 988 2388 1169 2466; x_wconf 89' lang='lat' dir='ltr'><strong>improbabi-</strong></span> 
     </span>
     <span class='ocr_line' id='line_1_19' title="bbox 171 2481 1169 2566; baseline 0 -20"><span class='ocrx_word' id='word_1_132' title='bbox 171 2481 226 2548; x_wconf 84' lang='lat' dir='ltr'><strong>lem</strong></span> <span class='ocrx_word' id='word_1_133' title='bbox 250 2488 414 2548; x_wconf 83' lang='lat' dir='ltr'><strong>habendam</strong></span> <span class='ocrx_word' id='word_1_134' title='bbox 434 2509 496 2548; x_wconf 89' lang='lat' dir='ltr'><strong>esse</strong></span> <span class='ocrx_word' id='word_1_135' title='bbox 521 2488 717 2566; x_wconf 86' lang='lat' dir='ltr'><strong>conjecturam</strong></span> <span class='ocrx_word' id='word_1_136' title='bbox 744 2507 835 2545; x_wconf 85' lang='lat' dir='ltr'><strong>meam</strong></span> <span class='ocrx_word' id='word_1_137' title='bbox 861 2487 929 2546; x_wconf 86' lang='lat' dir='ltr'><strong>satis</strong></span> <span class='ocrx_word' id='word_1_138' title='bbox 951 2487 1076 2546; x_wconf 89' lang='lat' dir='ltr'><strong>confido.</strong></span> <span class='ocrx_word' id='word_1_139' title='bbox 1100 2489 1169 2558; x_wconf 78' lang='lat' dir='ltr'><strong>Quae</strong></span> 
     </span>
     <span class='ocr_line' id='line_1_20' title="bbox 172 2582 1170 2664; baseline -0.004 -20"><span class='ocrx_word' id='word_1_140' title='bbox 172 2586 308 2664; x_wconf 90' lang='lat' dir='ltr'><strong>sophistis</strong></span> <span class='ocrx_word' id='word_1_141' title='bbox 319 2587 423 2646; x_wconf 84' lang='lat' dir='ltr'><strong>Noster</strong></span> <span class='ocrx_word' id='word_1_142' title='bbox 434 2587 505 2643; x_wconf 91' lang='lat' dir='ltr'><strong>vitio</strong></span> <span class='ocrx_word' id='word_1_143' title='bbox 520 2585 622 2658; x_wconf 87' lang='lat' dir='ltr'><strong>vertit,</strong></span> <span class='ocrx_word' id='word_1_144' title='bbox 636 2585 686 2642; x_wconf 90' lang='lat' dir='ltr'><strong>illa</strong></span> <span class='ocrx_word' id='word_1_145' title='bbox 696 2604 816 2662; x_wconf 88' lang='lat' dir='ltr'><strong>prorsus</strong></span> <span class='ocrx_word' id='word_1_146' title='bbox 827 2582 987 2642; x_wconf 86' lang='lat' dir='ltr'><strong>abhorrent</strong></span> <span class='ocrx_word' id='word_1_147' title='bbox 999 2583 1036 2641; x_wconf 89' lang='lat' dir='ltr'><strong>ab</strong></span> <span class='ocrx_word' id='word_1_148' title='bbox 1049 2585 1170 2643; x_wconf 82' lang='lat' dir='ltr'><strong>Actione</strong></span> 
     </span>
     <span class='ocr_line' id='line_1_21' title="bbox 173 2681 1170 2760; baseline -0.001 -19"><span class='ocrx_word' id='word_1_149' title='bbox 173 2683 294 2742; x_wconf 87' lang='lat' dir='ltr'><strong>exordio</strong></span> <span class='ocrx_word' id='word_1_150' title='bbox 322 2683 550 2745; x_wconf 82' lang='lat' dir='ltr'><strong>accommodata.</strong></span> <span class='ocrx_word' id='word_1_151' title='bbox 590 2683 690 2754; x_wconf 85' lang='lat' dir='ltr'><strong>Qualis</strong></span> <span class='ocrx_word' id='word_1_152' title='bbox 723 2703 785 2740; x_wconf 88' lang='lat' dir='ltr'><strong>esse</strong></span> <span class='ocrx_word' id='word_1_153' title='bbox 811 2681 915 2740; x_wconf 88' lang='lat' dir='ltr'><strong>debeat</strong></span> <span class='ocrx_word' id='word_1_154' title='bbox 945 2683 977 2740; x_wconf 92' lang='lat' dir='ltr'><strong>in</strong></span> <span class='ocrx_word' id='word_1_155' title='bbox 1003 2683 1057 2740; x_wconf 85' lang='lat' dir='ltr'><strong>hac</strong></span> <span class='ocrx_word' id='word_1_156' title='bbox 1087 2695 1170 2760; x_wconf 85' lang='lat' dir='ltr'><strong>parte</strong></span> 
     </span>
     <span class='ocr_line' id='line_1_22' title="bbox 173 2776 1231 2860; baseline -0.003 -20"><span class='ocrx_word' id='word_1_157' title='bbox 173 2782 312 2840; x_wconf 84' lang='lat' dir='ltr'><strong>orationis</strong></span> <span class='ocrx_word' id='word_1_158' title='bbox 336 2781 421 2839; x_wconf 89' lang='lat' dir='ltr'><strong>docet</strong></span> <span class='ocrx_word' id='word_1_159' title='bbox 443 2781 566 2860; x_wconf 84' lang='lat' dir='ltr'><strong>Longin.</strong></span> <span class='ocrx_word' id='word_1_160' title='bbox 588 2783 752 2858; x_wconf 82' lang='lat' dir='ltr'><strong>Fragment.</strong></span> <span class='ocrx_word' id='word_1_161' title='bbox 765 2781 832 2840; x_wconf 86' lang='lat' dir='ltr'>vlll</span> <span class='ocrx_word' id='word_1_162' title='bbox 848 2803 855 2837; x_wconf 92' lang='lat'><strong>:</strong></span> <span class='ocrx_word' id='word_1_163' title='bbox 871 2776 1066 2860; x_wconf 83' lang='grc' dir='ltr'>Καθιαταμένῳ</span> <span class='ocrx_word' id='word_1_164' title='bbox 1078 2776 1171 2844; x_wconf 73' lang='grc' dir='ltr'>δὲτὰς</span> <span class='ocrx_word' id='word_1_165' title='bbox 1229 2787 1231 2789; x_wconf 80' lang='grc'><strong>’</strong></span> 
     </span>
     <span class='ocr_line' id='line_1_23' title="bbox 175 2872 1170 2958; baseline -0.001 -24"><span class='ocrx_word' id='word_1_166' title='bbox 175 2874 258 2957; x_wconf 78' lang='grc' dir='ltr'>ἀρχὰς</span> <span class='ocrx_word' id='word_1_167' title='bbox 270 2885 354 2958; x_wconf 74' lang='grc' dir='ltr'>πρᾷον</span> <span class='ocrx_word' id='word_1_168' title='bbox 370 2875 401 2935; x_wconf 82' lang='grc' dir='ltr'>τὸ</span> <span class='ocrx_word' id='word_1_169' title='bbox 413 2874 516 2957; x_wconf 79' lang='grc' dir='ltr'>φθέγμα</span> <span class='ocrx_word' id='word_1_170' title='bbox 532 2874 655 2947; x_wconf 86' lang='grc' dir='ltr'>ποιητέον</span> <span class='ocrx_word' id='word_1_171' title='bbox 669 2875 714 2934; x_wconf 86' lang='grc' dir='ltr'><strong>καὶ</strong></span> <span class='ocrx_word' id='word_1_172' title='bbox 729 2873 855 2950; x_wconf 66' lang='grc' dir='ltr'>ἐπιεικὲς,</span> <span class='ocrx_word' id='word_1_173' title='bbox 868 2874 912 2934; x_wconf 79' lang='grc' dir='ltr'><strong>ἐπὶ</strong></span> <span class='ocrx_word' id='word_1_174' title='bbox 923 2873 967 2933; x_wconf 80' lang='grc' dir='ltr'>τὸν</span> <span class='ocrx_word' id='word_1_175' title='bbox 984 2874 1064 2953; x_wconf 82' lang='grc' dir='ltr'>ὄχλον</span> <span class='ocrx_word' id='word_1_176' title='bbox 1076 2872 1105 2933; x_wconf 85' lang='grc' dir='ltr'><strong>δέ</strong></span> <span class='ocrx_word' id='word_1_177' title='bbox 1114 2897 1170 2953; x_wconf 75' lang='grc' dir='ltr'>ποις</span> 
     </span>
     <span class='ocr_line' id='line_1_24' title="bbox 175 2963 1169 3053; baseline -0.003 -22"><span class='ocrx_word' id='word_1_178' title='bbox 175 2971 220 3032; x_wconf 80' lang='grc' dir='ltr'><strong>καὶ</strong></span> <span class='ocrx_word' id='word_1_179' title='bbox 234 2971 362 3048; x_wconf 84' lang='grc' dir='ltr'>δεκτικὸν,</span> <span class='ocrx_word' id='word_1_180' title='bbox 369 2971 414 3030; x_wconf 73' lang='grc' dir='ltr'><strong>καὶ</strong></span> <span class='ocrx_word' id='word_1_181' title='bbox 428 2977 545 3032; x_wconf 80' lang='grc' dir='ltr'>τοιοῦτον</span> <span class='ocrx_word' id='word_1_182' title='bbox 557 2963 609 3032; x_wconf 75' lang='grc' dir='ltr'>οἷον</span> <span class='ocrx_word' id='word_1_183' title='bbox 624 2973 840 3053; x_wconf 77' lang='grc' dir='ltr'>παρακαλοῦντος</span> <span class='ocrx_word' id='word_1_184' title='bbox 849 2971 895 3031; x_wconf 79' lang='grc' dir='ltr'><strong>καὶ</strong></span> <span class='ocrx_word' id='word_1_185' title='bbox 911 2973 937 3030; x_wconf 84' lang='grc' dir='ltr'><strong>ἐν</strong></span> <span class='ocrx_word' id='word_1_186' title='bbox 950 2971 1026 3053; x_wconf 80' lang='grc' dir='ltr'>χρείφ</span> <span class='ocrx_word' id='word_1_187' title='bbox 1037 2976 1169 3042; x_wconf 84' lang='grc' dir='ltr'>καθεστη-</span> 
     </span>
     <span class='ocr_line' id='line_1_25' title="bbox 176 3065 1169 3148; baseline -0.002 -22"><span class='ocrx_word' id='word_1_188' title='bbox 176 3065 267 3142; x_wconf 81' lang='grc' dir='ltr'>κότος,</span> <span class='ocrx_word' id='word_1_189' title='bbox 289 3067 335 3126; x_wconf 76' lang='lat' dir='ltr'><strong>xci</strong></span> <span class='ocrx_word' id='word_1_190' title='bbox 362 3068 498 3136; x_wconf 79' lang='grc' dir='ltr'>εὐλαὸείας</span> <span class='ocrx_word' id='word_1_191' title='bbox 525 3067 542 3140; x_wconf 71' lang='grc' dir='ltr'><strong>ἢ</strong></span> <span class='ocrx_word' id='word_1_192' title='bbox 576 3070 662 3136; x_wconf 80' lang='grc' dir='ltr'>αἰδοῦς</span> <span class='ocrx_word' id='word_1_193' title='bbox 691 3067 856 3148; x_wconf 82' lang='grc' dir='ltr'>μετέχοντος.</span> <span class='ocrx_word' id='word_1_194' title='bbox 881 3070 952 3139; x_wconf 82' lang='lat' dir='ltr'><strong>Quae</strong></span> <span class='ocrx_word' id='word_1_195' title='bbox 975 3069 1017 3126; x_wconf 88' lang='lat' dir='ltr'><strong>Cl.</strong></span> <span class='ocrx_word' id='word_1_196' title='bbox 1039 3069 1169 3146; x_wconf 81' lang='lat' dir='ltr'><strong>Seguier.</strong></span> 
     </span>
     <span class='ocr_line' id='line_1_26' title="bbox 176 3163 1172 3246; baseline 0.002 -22"><span class='ocrx_word' id='word_1_197' title='bbox 176 3163 251 3224; x_wconf 90' lang='lat' dir='ltr'><strong>hunc</strong></span> <span class='ocrx_word' id='word_1_198' title='bbox 272 3167 303 3224; x_wconf 90' lang='lat' dir='ltr'><strong>in</strong></span> <span class='ocrx_word' id='word_1_199' title='bbox 328 3167 447 3226; x_wconf 91' lang='lat' dir='ltr'><strong>modum</strong></span> <span class='ocrx_word' id='word_1_200' title='bbox 471 3168 628 3246; x_wconf 82' lang='lat' dir='ltr'><strong>refingit,l.</strong></span> <span class='ocrx_word' id='word_1_201' title='bbox 648 3168 657 3226; x_wconf 97' lang='lat' dir='ltr'>l</span> <span class='ocrx_word' id='word_1_202' title='bbox 669 3213 678 3241; x_wconf 90' lang='lat'><em>,</em></span> <span class='ocrx_word' id='word_1_203' title='bbox 700 3187 729 3246; x_wconf 89' lang='lat' dir='ltr'><strong>p.</strong></span> <span class='ocrx_word' id='word_1_204' title='bbox 755 3169 793 3246; x_wconf 81' lang='lat'><strong>59</strong></span> <span class='ocrx_word' id='word_1_205' title='bbox 815 3189 822 3223; x_wconf 89' lang='lat'>:</span> <span class='ocrx_word' id='word_1_206' title='bbox 844 3164 1039 3246; x_wconf 84' lang='grc' dir='ltr'>Καθισταμένῳ</span> <span class='ocrx_word' id='word_1_207' title='bbox 1063 3163 1091 3224; x_wconf 82' lang='grc' dir='ltr'><strong>δὲ</strong></span> <span class='ocrx_word' id='word_1_208' title='bbox 1113 3185 1172 3226; x_wconf 89' lang='grc' dir='ltr'>κατ’</span> 
     </span>
     <span class='ocr_line' id='line_1_27' title="bbox 178 3255 1238 3346; baseline 0.004 -26"><span class='ocrx_word' id='word_1_209' title='bbox 178 3261 261 3346; x_wconf 78' lang='grc' dir='ltr'>ἀρχὰς</span> <span class='ocrx_word' id='word_1_210' title='bbox 281 3271 365 3344; x_wconf 73' lang='grc' dir='ltr'>πρᾷον</span> <span class='ocrx_word' id='word_1_211' title='bbox 388 3262 416 3322; x_wconf 84' lang='grc' dir='ltr'>τὸ</span> <span class='ocrx_word' id='word_1_212' title='bbox 437 3261 542 3344; x_wconf 79' lang='grc' dir='ltr'>φθέγμα</span> <span class='ocrx_word' id='word_1_213' title='bbox 565 3263 698 3338; x_wconf 85' lang='grc' dir='ltr'>ποιητέον,</span> <span class='ocrx_word' id='word_1_214' title='bbox 712 3263 762 3342; x_wconf 37' lang='grc' dir='ltr'>,καὶ</span> <span class='ocrx_word' id='word_1_215' title='bbox 784 3261 912 3339; x_wconf 77' lang='grc' dir='ltr'>ἐπιεικὲς,</span> <span class='ocrx_word' id='word_1_216' title='bbox 928 3262 971 3322; x_wconf 79' lang='grc' dir='ltr'><strong>ἐπὶ</strong></span> <span class='ocrx_word' id='word_1_217' title='bbox 993 3261 1036 3322; x_wconf 79' lang='grc' dir='ltr'>τὸν</span> <span class='ocrx_word' id='word_1_218' title='bbox 1052 3261 1132 3342; x_wconf 82' lang='grc' dir='ltr'>ὄχλον</span> <span class='ocrx_word' id='word_1_219' title='bbox 1149 3262 1174 3324; x_wconf 83' lang='grc' dir='ltr'><strong>δ’</strong></span> <span class='ocrx_word' id='word_1_220' title='bbox 1236 3255 1238 3261; x_wconf 38' lang='lat'><strong>⁴</strong></span> 
     </span>
    </p>
   </div>
   <div class='ocr_carea' id='block_1_6' title="bbox 178 3351 1292 3442">
    <p class='ocr_par' dir='ltr' id='par_1_7' title="bbox 178 3351 1292 3442">
     <span class='ocr_line' id='line_1_28' title="bbox 178 3351 1292 3442; baseline 0 -24"><span class='ocrx_word' id='word_1_221' title='bbox 178 3357 247 3437; x_wconf 76' lang='grc' dir='ltr'>ὅμως</span> <span class='ocrx_word' id='word_1_222' title='bbox 262 3358 460 3434; x_wconf 85' lang='grc' dir='ltr'>καταδεκτικὸν,</span> <span class='ocrx_word' id='word_1_223' title='bbox 481 3360 526 3418; x_wconf 76' lang='grc' dir='ltr'><strong>καὶ</strong></span> <span class='ocrx_word' id='word_1_224' title='bbox 545 3365 661 3420; x_wconf 82' lang='grc' dir='ltr'>τοιοῦτον</span> <span class='ocrx_word' id='word_1_225' title='bbox 676 3351 729 3420; x_wconf 72' lang='grc' dir='ltr'>οἷον</span> <span class='ocrx_word' id='word_1_226' title='bbox 749 3362 977 3442; x_wconf 79' lang='grc' dir='ltr'>παρακαλοῦντος,</span> <span class='ocrx_word' id='word_1_227' title='bbox 997 3359 1042 3418; x_wconf 85' lang='grc' dir='ltr'><strong>καὶ</strong></span> <span class='ocrx_word' id='word_1_228' title='bbox 1054 3361 1081 3419; x_wconf 80' lang='grc' dir='ltr'><strong>ἓν</strong></span> <span class='ocrx_word' id='word_1_229' title='bbox 1096 3359 1173 3442; x_wconf 72' lang='grc' dir='ltr'>χρεία</span> <span class='ocrx_word' id='word_1_230' title='bbox 1200 3403 1202 3408; x_wconf 34' lang='lat'><strong>⁴</strong></span> <span class='ocrx_word' id='word_1_231' title='bbox 1285 3406 1292 3418; x_wconf 84' lang='lat'>.</span> 
     </span>
    </p>
   </div>
   <div class='ocr_carea' id='block_1_7' title="bbox 178 3453 1230 4311">
    <p class='ocr_par' dir='ltr' id='par_1_8' title="bbox 178 3453 1230 4215">
     <span class='ocr_line' id='line_1_29' title="bbox 178 3453 1230 3536; baseline 0.002 -22"><span class='ocrx_word' id='word_1_232' title='bbox 178 3453 382 3526; x_wconf 83' lang='grc' dir='ltr'>καθεστηκότος,</span> <span class='ocrx_word' id='word_1_233' title='bbox 398 3455 443 3514; x_wconf 71' lang='grc' dir='ltr'><strong>καὶ</strong></span> <span class='ocrx_word' id='word_1_234' title='bbox 457 3454 592 3522; x_wconf 77' lang='grc' dir='ltr'>εὐλαὸείας</span> <span class='ocrx_word' id='word_1_235' title='bbox 608 3456 652 3514; x_wconf 74' lang='grc' dir='ltr'><strong>καὶ</strong></span> <span class='ocrx_word' id='word_1_236' title='bbox 667 3458 753 3524; x_wconf 78' lang='grc' dir='ltr'>αἰδοῦς</span> <span class='ocrx_word' id='word_1_237' title='bbox 772 3455 935 3536; x_wconf 84' lang='grc' dir='ltr'>μετέχοντος.</span> <span class='ocrx_word' id='word_1_238' title='bbox 953 3457 1096 3534; x_wconf 81' lang='lat' dir='ltr'><strong>Equidem</strong></span> <span class='ocrx_word' id='word_1_239' title='bbox 1108 3479 1172 3516; x_wconf 84' lang='lat' dir='ltr'><strong>ma.-</strong></span> <span class='ocrx_word' id='word_1_240' title='bbox 1226 3489 1230 3502; x_wconf 87' lang='lat'><strong>·</strong></span> 
     </span>
     <span class='ocr_line' id='line_1_30' title="bbox 180 3549 1175 3631; baseline 0.002 -21"><span class='ocrx_word' id='word_1_241' title='bbox 180 3554 228 3610; x_wconf 86' lang='lat' dir='ltr'><strong>lim</strong></span> <span class='ocrx_word' id='word_1_242' title='bbox 258 3549 448 3612; x_wconf 87' lang='grc' dir='ltr'>καταδεκτικόν</span> <span class='ocrx_word' id='word_1_243' title='bbox 478 3573 532 3631; x_wconf 89' lang='lat' dir='ltr'><strong>pro</strong></span> <span class='ocrx_word' id='word_1_244' title='bbox 558 3553 602 3611; x_wconf 87' lang='grc' dir='ltr'><strong>καὶ</strong></span> <span class='ocrx_word' id='word_1_245' title='bbox 630 3551 761 3625; x_wconf 79' lang='grc' dir='ltr'>δεκτικόν,</span> <span class='ocrx_word' id='word_1_246' title='bbox 787 3555 939 3630; x_wconf 66' lang='lat' dir='ltr'><strong>saepissime</strong></span> <span class='ocrx_word' id='word_1_247' title='bbox 974 3556 1051 3614; x_wconf 85' lang='lat' dir='ltr'><strong>enirn</strong></span> <span class='ocrx_word' id='word_1_248' title='bbox 1078 3553 1124 3614; x_wconf 89' lang='grc' dir='ltr'><strong>καί</strong></span> <span class='ocrx_word' id='word_1_249' title='bbox 1146 3568 1175 3613; x_wconf 94' lang='lat' dir='ltr'><strong>et</strong></span> 
     </span>
     <span class='ocr_line' id='line_1_31' title="bbox 179 3637 1206 3728; baseline 0.002 -20"><span class='ocrx_word' id='word_1_250' title='bbox 179 3649 247 3709; x_wconf 79' lang='grc' dir='ltr'>κατέ</span> <span class='ocrx_word' id='word_1_251' title='bbox 280 3663 498 3728; x_wconf 84' lang='lat' dir='ltr'><strong>permutantur,</strong></span> <span class='ocrx_word' id='word_1_252' title='bbox 514 3651 549 3708; x_wconf 87' lang='lat' dir='ltr'><strong>cf.</strong></span> <span class='ocrx_word' id='word_1_253' title='bbox 576 3651 696 3708; x_wconf 85' lang='lat' dir='ltr'><strong>Dorvill.</strong></span> <span class='ocrx_word' id='word_1_254' title='bbox 722 3651 752 3708; x_wconf 92' lang='lat' dir='ltr'><strong>in</strong></span> <span class='ocrx_word' id='word_1_255' title='bbox 777 3650 938 3724; x_wconf 62' lang='lat' dir='ltr'><strong>Chariton„</strong></span> <span class='ocrx_word' id='word_1_256' title='bbox 965 3671 993 3728; x_wconf 85' lang='lat' dir='ltr'><strong>p.</strong></span> <span class='ocrx_word' id='word_1_257' title='bbox 1022 3653 1173 3722; x_wconf 65' lang='lat' dir='ltr'><strong>sanvul-</strong></span> <span class='ocrx_word' id='word_1_258' title='bbox 1203 3637 1206 3644; x_wconf 41' lang='lat'>¹</span> 
     </span>
     <span class='ocr_line' id='line_1_32' title="bbox 181 3747 1175 3825; baseline 0 -21"><span class='ocrx_word' id='word_1_259' title='bbox 181 3766 277 3824; x_wconf 83' lang='lat' dir='ltr'><strong>garem</strong></span> <span class='ocrx_word' id='word_1_260' title='bbox 311 3758 404 3804; x_wconf 89' lang='lat' dir='ltr'><strong>tamen</strong></span> <span class='ocrx_word' id='word_1_261' title='bbox 429 3747 582 3805; x_wconf 82' lang='lat' dir='ltr'><strong>lectionem</strong></span> <span class='ocrx_word' id='word_1_262' title='bbox 613 3747 677 3804; x_wconf 90' lang='lat' dir='ltr'><strong>cod.</strong></span> <span class='ocrx_word' id='word_1_263' title='bbox 701 3748 767 3806; x_wconf 74' lang='lat' dir='ltr'><strong>Par·</strong></span> <span class='ocrx_word' id='word_1_264' title='bbox 789 3747 903 3825; x_wconf 82' lang='lat' dir='ltr'><strong>optimae</strong></span> <span class='ocrx_word' id='word_1_265' title='bbox 925 3761 1014 3822; x_wconf 79' lang='lat' dir='ltr'><strong>notae,</strong></span> <span class='ocrx_word' id='word_1_266' title='bbox 1029 3770 1058 3805; x_wconf 93' lang='lat' dir='ltr'><strong>n.</strong></span> <span class='ocrx_word' id='word_1_267' title='bbox 1083 3758 1175 3820; x_wconf 70' lang='lat'>1741,</span> 
     </span>
     <span class='ocr_line' id='line_1_33' title="bbox 181 3841 1176 3923; baseline 0 -22"><span class='ocrx_word' id='word_1_268' title='bbox 181 3845 388 3912; x_wconf 76' lang='lat' dir='ltr'><strong>confirmatam,</strong></span> <span class='ocrx_word' id='word_1_269' title='bbox 405 3843 584 3902; x_wconf 82' lang='lat' dir='ltr'><strong>retinendam</strong></span> <span class='ocrx_word' id='word_1_270' title='bbox 605 3864 666 3902; x_wconf 88' lang='lat' dir='ltr'><strong>esse</strong></span> <span class='ocrx_word' id='word_1_271' title='bbox 683 3845 789 3903; x_wconf 85' lang='lat' dir='ltr'><strong>censui.</strong></span> <span class='ocrx_word' id='word_1_272' title='bbox 805 3846 890 3918; x_wconf 87' lang='lat' dir='ltr'><strong>Quod</strong></span> <span class='ocrx_word' id='word_1_273' title='bbox 908 3845 944 3902; x_wconf 87' lang='lat' dir='ltr'><strong>ad</strong></span> <span class='ocrx_word' id='word_1_274' title='bbox 965 3843 1086 3922; x_wconf 79' lang='grc' dir='ltr'>νοήματα</span> <span class='ocrx_word' id='word_1_275' title='bbox 1101 3841 1176 3923; x_wconf 78' lang='grc' dir='ltr'>ῥέοι-</span> 
     </span>
     <span class='ocr_line' id='line_1_34' title="bbox 181 3939 1176 4020; baseline -0.002 -21"><span class='ocrx_word' id='word_1_276' title='bbox 181 3965 214 3999; x_wconf 86' lang='grc' dir='ltr'><strong>τα</strong></span> <span class='ocrx_word' id='word_1_277' title='bbox 244 3940 363 4012; x_wconf 89' lang='lat' dir='ltr'><strong>adtinet,</strong></span> <span class='ocrx_word' id='word_1_278' title='bbox 388 3941 491 3998; x_wconf 86' lang='lat' dir='ltr'><strong>similia</strong></span> <span class='ocrx_word' id='word_1_279' title='bbox 516 3941 680 4020; x_wconf 80' lang='lat' dir='ltr'><strong>suppeditat</strong></span> <span class='ocrx_word' id='word_1_280' title='bbox 710 3943 827 4018; x_wconf 85' lang='lat' dir='ltr'><strong>Dionys.</strong></span> <span class='ocrx_word' id='word_1_281' title='bbox 843 3942 932 4006; x_wconf 69' lang='lat' dir='ltr'><strong>Italic.</strong></span> <span class='ocrx_word' id='word_1_282' title='bbox 953 3945 993 4000; x_wconf 83' lang='lat' dir='ltr'><strong>De</strong></span> <span class='ocrx_word' id='word_1_283' title='bbox 1008 3939 1176 3998; x_wconf 85' lang='lat' dir='ltr'><strong>admiranda</strong></span> 
     </span>
     <span class='ocr_line' id='line_1_35' title="bbox 183 4033 1173 4120; baseline -0.002 -24"><span class='ocrx_word' id='word_1_284' title='bbox 183 4039 211 4097; x_wconf 87' lang='lat' dir='ltr'><strong>vi</strong></span> <span class='ocrx_word' id='word_1_285' title='bbox 233 4033 347 4095; x_wconf 89' lang='lat' dir='ltr'><strong>dicendi</strong></span> <span class='ocrx_word' id='word_1_286' title='bbox 367 4037 398 4094; x_wconf 89' lang='lat' dir='ltr'><strong>in</strong></span> <span class='ocrx_word' id='word_1_287' title='bbox 424 4040 505 4096; x_wconf 75' lang='lat' dir='ltr'><strong>Dein.</strong></span> <span class='ocrx_word' id='word_1_288' title='bbox 519 4038 610 4098; x_wconf 87' lang='lat' dir='ltr'>XVlll</span> <span class='ocrx_word' id='word_1_289' title='bbox 637 4059 644 4094; x_wconf 80' lang='lat'>2</span> <span class='ocrx_word' id='word_1_290' title='bbox 671 4035 769 4098; x_wconf 87' lang='grc' dir='ltr'>Ὑπτία</span> <span class='ocrx_word' id='word_1_291' title='bbox 794 4037 844 4120; x_wconf 78' lang='grc' dir='ltr'><strong>γάρ</strong></span> <span class='ocrx_word' id='word_1_292' title='bbox 869 4040 925 4096; x_wconf 86' lang='grc' dir='ltr'>ἐστι</span> <span class='ocrx_word' id='word_1_293' title='bbox 950 4037 994 4096; x_wconf 82' lang='grc' dir='ltr'><strong>καὶ</strong></span> <span class='ocrx_word' id='word_1_294' title='bbox 1019 4034 1173 4114; x_wconf 73' lang='grc' dir='ltr'>ε’παγωγική</span> 
     </span>
     <span class='ocr_line' id='line_1_36' title="bbox 183 4131 728 4215; baseline 0.002 -24"><span class='ocrx_word' id='word_1_295' title='bbox 183 4133 226 4192; x_wconf 79' lang='grc' dir='ltr'><strong>καὶ</strong></span> <span class='ocrx_word' id='word_1_296' title='bbox 247 4131 420 4215; x_wconf 76' lang='grc' dir='ltr'>περιρρέουσα</span> <span class='ocrx_word' id='word_1_297' title='bbox 442 4143 496 4200; x_wconf 83' lang='grc' dir='ltr'>τοῖς</span> <span class='ocrx_word' id='word_1_298' title='bbox 515 4133 644 4211; x_wconf 84' lang='grc' dir='ltr'>νοήμασιν</span> <span class='ocrx_word' id='word_1_299' title='bbox 670 4136 728 4193; x_wconf 87' lang='grc' dir='ltr'>κτλ.</span> 
     </span>
    </p>

    <p class='ocr_par' dir='ltr' id='par_1_9' title="bbox 221 4229 1173 4311">
     <span class='ocr_line' id='line_1_37' title="bbox 221 4229 1173 4311; baseline -0.005 -23"><span class='ocrx_word' id='word_1_300' title='bbox 221 4231 254 4288; x_wconf 88' lang='lat' dir='ltr'><strong>V.</strong></span> <span class='ocrx_word' id='word_1_301' title='bbox 273 4232 375 4288; x_wconf 80' lang='lat'>10-13.</span> <span class='ocrx_word' id='word_1_302' title='bbox 387 4229 502 4311; x_wconf 77' lang='grc' dir='ltr'>Μακρὰν</span> <span class='ocrx_word' id='word_1_303' title='bbox 513 4267 551 4276; x_wconf 93' lang='grc'>-</span> <span class='ocrx_word' id='word_1_304' title='bbox 567 4229 706 4306; x_wconf 86' lang='grc' dir='ltr'>βελτίω...</span> <span class='ocrx_word' id='word_1_305' title='bbox 721 4232 787 4288; x_wconf 74' lang='lat' dir='ltr'><strong>Haec</strong></span> <span class='ocrx_word' id='word_1_306' title='bbox 798 4233 837 4288; x_wconf 86' lang='lat' dir='ltr'><strong>ita</strong></span> <span class='ocrx_word' id='word_1_307' title='bbox 861 4229 1034 4288; x_wconf 83' lang='lat' dir='ltr'><strong>exhihentur</strong></span> <span class='ocrx_word' id='word_1_308' title='bbox 1051 4229 1081 4285; x_wconf 92' lang='lat' dir='ltr'><strong>in</strong></span> <span class='ocrx_word' id='word_1_309' title='bbox 1103 4231 1173 4286; x_wconf 58' lang='grc' dir='ltr'><strong>Μαι</strong></span> 
     </span>
    </p>
   </div>
   <div class='ocr_carea' id='block_1_8' title="bbox 987 4326 1053 4397">
    <p class='ocr_par' dir='ltr' id='par_1_10' title="bbox 987 4326 1053 4397">
     <span class='ocr_line' id='line_1_38' title="bbox 987 4326 1053 4397; baseline 0.03 -2"><span class='ocrx_word' id='word_1_310' title='bbox 987 4326 1053 4397; x_wconf 76' lang='lat'><strong>23*</strong></span> 
     </span>
    </p>
   </div>
   <div class='ocr_carea' id='block_1_9' title="bbox 0 0 1629 5284">
    <p class='ocr_par' dir='ltr' id='par_1_11' title="bbox 0 0 1629 5284">
     <span class='ocr_line' id='line_1_39' title="bbox 0 0 1629 5284; baseline 0 0"><span class='ocrx_word' id='word_1_311' title='bbox 0 0 1629 5284; x_wconf 95' lang='lat' dir='ltr'><strong> </strong></span> 
     </span>
    </p>
   </div>
  </div>
 </body>
</html>
