3174 5284
352 551 418 638 ιήο
666 547 1020 620 ANNOTATIONES

385 735 420 794 v.
436 751 465 794 ε.
482 730 576 811 ωηεν
589 727 727 790 amaa.
740 775 768 790 ..
784 733 845 793 uro
858 728 956 810 ιιγω,
972 731 1026 793 ω.
1038 729 1127 789 ubet
1143 715 1277 796 λοΓε
1293 775 1339 812 ..,

346 871 433 938 atque
456 856 486 914 in
510 851 640 933 margine
660 839 705 935 Ν,
718 875 784 913 cum
792 853 916 932 vestigio
927 853 1029 913 litterae
1043 839 1069 917 Ι.
1081 853 1164 914 Unde
1173 853 1340 914 eliceresuit

348 966 449 1046 ΛΟΓ
453 949 777 1042 em=aese1m

384 1112 511 1172 V.8-1o.
519 1107 599 1170 Κατὰ
607 1107 653 1177 τὰς
661 1107 750 1177 κοινὰς
762 1107 894 1182 αἰσθήσεις
901 1107 1132 1186 ἐτιὸλιπσμένων.
1144 1152 1152 1168 .
1165 1151 1173 1166 .
1184 1111 1260 1170 Hinc
1271 1112 1341 1190 Epi·

351 1224 473 1266 cureum
491 1205 574 1264 facile
594 1225 743 1284 agnoscas,
758 1206 881 1264 docente
895 1205 978 1284 Diog.
992 1206 1085 1264 Laert.
1097 1207 1137 1279 X,
1149 1209 1205 1264 διε
1225 1205 1274 1268 Ἐν
1289 1207 1341 1267 τοί-

347 1326 392 1363 νυν
408 1304 448 1384 τῷ
463 1299 555 1362 κανόνι
572 1300 644 1381 λέγιι
662 1305 677 1362 θ
698 1300 856 1382 Ἐπίκουρος
871 1299 994 1384 κριτήρια
1012 1305 1061 1373 τῆς
1077 1302 1200 1375 ἀληθείας
1213 1293 1281 1364 εἶναι
1293 1305 1342 1370 τὰς

350 1398 494 1475 αἰσθήσεις,
516 1399 563 1460 καί
574 1396 718 1482 προλήψεις
730 1396 776 1458 καί
791 1396 826 1457 τὰ
836 1395 919 1471 τάθη.
931 1396 1090 1476 subjiciam
1106 1400 1198 1479 ipsius
1219 1402 1340 1480 Epicuri

347 1497 450 1566 verba,
465 1498 560 1577 Epist.
578 1496 615 1556 ad
627 1496 824 1570 Herodotum,
838 1497 857 1554 Ι.
874 1495 911 1569 1.,
929 1497 1042 1568 θγ-θθε
1058 1491 1169 1579 Πρῶτον
1188 1494 1236 1576 μὲν
1248 1489 1340 1558 οθν-

347 1591 400 1652 ιίτε
415 1590 484 1651 κατὰ
492 1590 541 1658 τὰς
553 1591 686 1665 αἰσθήσεις
711 1591 750 1650 δεῖ
761 1589 850 1651 πάντα
862 1599 951 1674 τηρεῖν
970 1591 1016 1652 καί
1030 1592 1120 1659 ἁπλῶς
1138 1589 1185 1660 τὰς
1202 1592 1341 1675 ,παρούσας

347 1685 473 1754 ἐπιάσλὰς
482 1690 531 1760 τῆς
546 1687 669 1759 διανοίας,
678 1685 731 1746 είτε
741 1685 845 1746 καθ’ότι
860 1685 964 1760 δήποτε
975 1689 1028 1748 τῶν
1040 1686 1193 1770 κριτηρίων.
1206 1689 1340 1767 Intelligo

348 1787 549 1864 perceptiones
564 1805 635 1864 quas
651 1784 736 1844 nobis
757 1804 957 1864 comparamus
970 1804 1023 1863 per
1040 1803 1147 1844 sensus.
1163 1785 1207 1844 Cf.
1226 1788 1261 1844 H.
1273 1788 1340 1845 Ste·
1359 1819 1363 1826 ·

348 1883 438 1961 phau.
453 1883 542 1944 Thes.
564 1895 583 1941 t.
598 1885 621 1958 Ι,
635 1905 666 1962 p.
684 1885 767 1956 1062,
781 1883 826 1940 ed.
841 1882 940 1942 Didot.

386 1979 422 2037 V.
439 1998 541 2038 10-11.
556 1976 616 2038 Κθν
631 1976 682 2037 ὑπὸ
697 1976 791 2043 παιδος
809 1975 995 2056 ἐλεγχθείηοαν
1007 2019 1013 2034 .
1024 2020 1051 2038 ..
1068 1977 1218 2037 Occurunt
1236 1976 1340 2037 similia

347 2073 378 2133 in
391 2073 505 2134 Platon.
517 2076 608 2153 Gorg.
618 2076 704 2135 Bekk.
717 2075 765 2132 ed.
778 2074 870 2133 Loud.
889 2075 976 2153 1826,
988 2089 1010 2132 t.
1022 2075 1073 2147 ΙΙΙ,
1085 2093 1115 2152 p.
1127 2076 1201 2133 τοδε
1216 2072 1340 2135 Χαλεπόν

347 2170 379 2250 γί
390 2193 420 2230 σε
434 2170 549 2251 ἐλίγξαι,
562 2162 585 2232 ὦ
600 2171 754 2254 Σώκρατες,
768 2173 828 2232 ἀλλ’
844 2171 904 2251 οὐχί
921 2170 971 2231 κὰν
984 2179 1048 2238 παῖς
1058 2193 1088 2230 σε
1103 2169 1229 2251 ἐλίγξειεν
1241 2169 1281 2231 ὅτι
1292 2173 1340 2230 οὐκ

348 2269 436 2341 ἀληθῆ
448 2268 543 2348 λέγεις.
555 2269 630 2331 [bid.
639 2313 647 2343 ‚
661 2290 691 2349 p.
709 2289 783 2330 210:
800 2268 856 2330 Καί
872 2271 918 2327 νῦν
932 2267 998 2327 άλλο
1014 2292 1040 2327 τι
1059 2258 1133 2336 οὗτός
1152 2270 1222 2327 ἐστιν
1238 2268 1342 2347 θλόγσς

348 2355 372 2452 ᾧ
389 2387 423 2445 με
437 2365 482 2426 καί
500 2363 532 2426 ὰν
552 2373 616 2435 ταῖς
631 2363 779 2445 ἐξελέγξειε.
791 2367 835 2424 De
847 2384 919 2423 voce
933 2372 995 2432 παῖς
1008 2364 1039 2423 in
1055 2364 1200 2444 plerisque
1217 2385 1340 2444 prover-

348 2461 475 2523 bialibus
490 2463 574 2522 dictis
596 2463 633 2521 cf.
647 2463 683 2522 Η.
696 2462 836 2541 Stephan.
847 2461 933 2521 Thes.
947 2473 967 2518 t.
979 2462 1039 2534 ΙΙΙ,
1054 2480 1082 2538 p.
1096 2462 1124 2533 6,
1136 2460 1181 2518 ed.
1195 2462 1278 2534 1572.

388 2562 541 2620 v.16-18.
562 2558 632 2626 Τοὺς
652 2556 899 2638 ἀναγκαίους-καί
924 2555 988 2626 τοθς
999 2543 1195 2637 ἐνδεχομένους.
1209 2601 1239 2616 ..
1261 2558 1340 2629 Quid

350 2657 510 2733 significent
538 2655 611 2736 λόγοι
641 2658 781 2735 ἀναγκαῖοι
803 2669 891 2734 atque
905 2654 981 2734 λόγοι
995 2653 1160 2736 ἐνδεχόμενοι
1173 2667 1272 2734 aperte
1286 2655 1341 2714 de-

350 2753 441 2813 clarat
455 2755 573 2815 Aristot.
595 2755 678 2815 Rhet.
702 2756 735 2829 1,
752 2774 789 2812 a:
812 2751 889 2814 Ἐπεί
911 2751 940 2812 δέ
963 2753 1034 2812 ἐστιν
1056 2751 1135 2832 ὀλίγα
1151 2750 1200 2832 μὲν
1220 2755 1272 2812 τῶν
1291 2755 1340 2811 ἐν·

350 2847 467 2927 αγκαίων
485 2847 512 2918 ἐξ
529 2840 566 2911 ὧν
584 2850 608 2908 οἱ
628 2848 761 2931 ρητορικοί
782 2847 954 2928 συλλογισμοί
970 2852 1036 2908 εἰσι·
1055 2845 1091 2908 τὰ
1104 2846 1155 2932 γὰρ
1176 2846 1262 2909 πολλὰ
1279 2848 1341 2929 περὶ

250 2987 252 2992 -
349 2934 386 3004 ὧν
405 2948 432 3006 αἱ
448 2947 546 3030 κρίσεις
560 2946 606 3008 καί
633 2948 661 3006 αἱ
678 2943 784 3027 σκέψεις
805 2944 940 3026 ἐνδέχεται
956 2945 1002 3004 καί
1018 2947 1104 3014 άλλως
1119 2945 1199 3027 ἔχειν.
1220 2946 1289 3028 Περὶ
1302 2937 1339 3006 ὧν

351 3043 462 3126 μὲνγὰρ
481 3044 644 3129 πράττουσι,
657 3040 825 3124 βουλεύονται
840 3042 886 3101 καί
909 3047 1052 3104 σκοποῦσι·
1073 3042 1107 3102 τὰ
1121 3041 1149 3103 δί
1168 3043 1339 3125 πραττόμενα

349 3139 436 3202 πάντα
456 3139 574 3202 τοιοιίτου
587 3138 677 3221 γένους
691 3136 761 3198 ἐστί·
785 3135 831 3196 καί
847 3137 931 3210 οὐδὲν,
950 3140 986 3205 ὡς
998 3137 1060 3205 ἔπος
1072 3139 1164 3214 εἰπεῖν,
1181 3137 1208 3207 ἐξ
1225 3138 1341 3219 ἀνάγκης

350 3237 459 3300 τούτων.
486 3236 531 3300 Τὰ
555 3237 578 3297 δ’
594 3239 629 3305 ὣς
649 3235 694 3295 ἐπί
715 3233 746 3295 τὰ
766 3233 835 3294 πολὺ
859 3233 1040 3314 ουμόαίνοντα
1064 3234 1109 3295 καί
1132 3234 1291 3318 ἐνδεχόμενα
1311 3237 1344 3295 ἐκ

350 3333 475 3395 τοιούτων
490 3334 592 3413 ἀνάγκη
607 3332 703 3415 ἐτέρων
724 3331 931 3412 συλλογίζεσθαι.
948 3333 1036 3405 Δῆλον
1050 3331 1073 3390 δ’
1084 3337 1148 3410 ἡμῖν
1165 3332 1211 3391 καί
1223 3337 1302 3392 τοῦτο
1312 3335 1344 3392 ἐκ

353 3432 406 3490 τῶν
420 3431 603 3491 Ἀναλυτικῶν.
626 3428 758 3513 Φανερδν,
773 3427 813 3488 ὅτι
828 3427 855 3497 ἐξ
874 3419 910 3486 ὧν
929 3425 962 3487 τὰ
976 3427 1150 3508 ἐνθυμήματα
1168 3427 1288 3509 λέγεται,
1308 3428 1344 3489 τὰ

354 3527 402 3609 μὲν
420 3530 551 3606 ἀναγκαῖα
568 3528 651 3589 ἔσται·
675 3528 708 3590 τὰ
732 3527 759 3590 δέ
774 3529 901 3604 πλεῖστα,
920 3530 956 3595 ὡς
970 3528 1014 3587 ἐπί
1033 3528 1063 3588 τὰ
1082 3527 1160 3589 πολύ·
1174 3527 1279 3608 λέγεται
1290 3527 1343 3610 γὰρ

352 3623 526 3705 ἐνθυμήματα
546 3625 572 3696 ἐξ
586 3626 695 3687 εἰκότων
714 3625 760 3687 καί
778 3627 904 3704 σημείων·
923 3625 991 3693 ὥςτε
1008 3625 1109 3705 ἀνάγκη
1125 3626 1228 3685 Ιτούτων
1249 3625 1344 3686 ἑκάτε-

338 3745 396 3806 ·ρσν
411 3721 530 3806 ἐκατέρῳ
549 3722 630 3784 ταύτὰ
651 3713 727 3783 εἶναι.
747 3721 788 3784 Τὰ
809 3720 857 3800 μὲν
879 3721 931 3806 γὰρ
945 3721 1013 3790 εἰκός
1027 3726 1096 3783 ἐστιν
1115 3726 1151 3791 ὡς
1164 3723 1208 3782 ἐπί
1227 3723 1258 3783 τὸ
1275 3722 1345 3783 πολὺ

350 3819 497 3903 γινόμενον·
513 3822 563 3904 οὐχ
577 3823 668 3888 ἅπλῶς
680 3819 720 3895 δέ,
735 3819 855 3903 καθάπερ
868 3820 999 3903 θρίζοντοιί
1016 3845 1092 3897 τινες,
1107 3817 1176 3880 ἀλλὰ
1196 3820 1227 3880 τδ
1238 3821 1298 3902 περί
1309 3819 1347 3880 τὰ

226 3935 228 3942 “
350 3919 509 4001 ἐνδεχόμενα
526 3919 612 3987 ἄλλως
627 3917 710 4000 ἐχειν,
733 3915 815 3985 οὕτως
835 3919 896 4002 ἐχον
917 3919 982 4002 πρδς
1000 3921 1084 3980 ἐκεῖνο
1102 3918 1167 4001 πρὸς
1183 3917 1292 3995 δείκδς,
1308 3921 1347 3988 ὥς

351 4017 382 4082 τδ
393 4017 505 4079 καθόλου
520 4017 585 4101 πρδς
597 4017 628 4076 τὰ
639 4014 707 4076 κατὰ
720 4013 807 4098 μέρος.

389 4117 422 4178 V.
442 4117 545 4185 24-26.
564 4116 603 4185 Ei
616 4113 747 4180 καί-τὰς
767 4113 909 4191 ὀνομασίας
921 4158 927 4172 .
940 4158 965 4172 ..
982 4115 1118 4185 Quaenam
1136 4116 1193 4173 sint
1210 4113 1266 4172 illae
1281 4115 1346 4172 ἐνο-
