3194 5286
1118 563 1184 618 CIX

190 707 228 776 in
265 701 590 804 pollicitationibus
627 703 869 775 claudicantes
907 704 1183 802 deprehendan-

188 835 253 890 tur
266 817 383 916 (δυο).

237 931 493 1004 Philodamum
530 927 700 1002 adversus
744 932 924 1028 sophistas
965 935 1181 1008 scribentem

133 1049 137 1054 ’
188 1048 305 1119 multa
333 1045 568 1118 exacuebant.
599 1047 746 1144 Epicuri
773 1047 934 1118 enimin
961 1049 1075 1122 hortis
1101 1053 1182 1123 edn-

187 1178 290 1234 catus
308 1161 413 1260 (303)
437 1160 562 1233 odium
585 1163 683 1232 velut
701 1161 959 1234 hereditarium
977 1166 1016 1234 in
1036 1181 1181 1237 caeteros

186 1276 430 1374 philosophos
456 1289 689 1373 conceperat,
725 1277 954 1372 maximeque
982 1279 1020 1348 in
1042 1281 1181 1350 Stoicos

186 1395 252 1488 qui
280 1414 425 1462 summo
445 1389 568 1461 studio
591 1388 825 1460 Rhetoricam
846 1388 1036 1463 discebant
1055 1407 1091 1464 et
1112 1394 1180 1465 do-

186 1505 328 1577 cebant.
353 1507 475 1595 Quum
495 1529 581 1576 vero
603 1503 785 1601 sophistae,
801 1506 1005 1576 Stoicorum
1023 1511 1180 1605 vestigiis

183 1621 353 1717 ingressi,
382 1616 579 1714 juvenibus
604 1632 687 1688 ante
705 1617 826 1688 omnia
848 1617 1051 1706 suaderent,
1071 1637 1114 1692 ut
1132 1622 1176 1693 ad

182 1758 261 1804 rem
294 1731 477 1828 publicam
508 1731 737 1819 accederent,
770 1731 856 1802 inde
882 1733 943 1803 illa
973 1738 1103 1806 exarsit
1127 1743 1189 1807 ira·

183 1850 445 1946 Epicureorum
464 1847 644 1917 contraria
663 1845 875 1917 docentium
897 1845 1020 1944 (304l3
1047 1867 1178 1946 praeter

184 1987 293 2059 quam
335 1961 453 2060 quod,
493 1964 651 2033 extincta
688 1960 878 2049 libertate,
918 1962 1177 2037 declamatores

182 2077 436 2174 Eloquentiam
455 2076 680 2148 adduxerant
706 2078 744 2147 in
761 2102 876 2175 nugas
900 2078 1072 2150 omnibus
1087 2084 1176 2152 recti

222 2313 303 2394 (δυο)
317 2317 350 2386 C,
366 2317 422 2376 col.
438 2315 642 2374 XLIII-XLIV.

219 2412 300 2492 (303)
310 2414 395 2490 Diog.
405 2415 499 2472 Laert.
512 2416 547 2480 X,
559 2433 606 2470 to:
616 2413 662 2470 καλ
671 2395 907 2491 χαλεπωτάτωνδὲ
914 2413 1013 2492 καιρῶν
1024 2411 1172 2493 κατασχόν-

180 2531 231 2567 των
246 2515 392 2583 τηνικαῦτα
407 2507 455 2582 τλν
467 2507 602 2583 Ἐλλάδα,
622 2506 710 2566 αὐτόθι
722 2507 896 2581 καταόιῶνοιι,
916 2506 981 2579 atet
994 2507 1039 2566 καλ
1054 2508 1110 2589 τρὶς
1127 2510 1171 2570 ἐπὶ

180 2603 237 2672 τοὺς
254 2604 314 2686 περλ
326 2602 375 2677 τλν
389 2605 492 2664 Ἰωνίαν
506 2601 601 2673 τόπους
619 2599 797 2684 διαδραμόντα
810 2602 873 2683 πρὸς
886 2601 946 2669 τοὺς
960 2601 1063 2684 ριλους,
1086 2603 1111 2662 οἳ
1126 2605 1175 2663 καλ

154 2771 161 2782 ἱ
178 2701 341 2782 πανταχόθεν
353 2703 417 2784 πρὸς
430 2702 508 2761 αὐτὸν
520 2705 684 2782 ἀφικνοῦντο,
698 2698 744 2759 κοιλ
758 2699 893 2759 συνεόίουν
908 2694 979 2782 αὐτῷ
993 2703 1019 2760 ἐν
1031 2704 1069 2782 τῷ
1081 2701 1169 2783 κήπῳ,

179 2799 245 2858 καθά
259 2823 338 2881 φησιν
357 2800 403 2860 καλ
422 2797 624 2880 Ἀπολλόδωρος·
644 2797 673 2858 ὃν
690 2797 735 2857 καλ
756 2797 918 2876 ὀγδοήκοντα
937 2801 1008 2875 μνῶν
1031 2799 1166 2880 πρίασθαι.

180 2895 272 2974 Hujus
290 2898 368 2956 horti
382 2899 511 2956 meminit
532 2899 605 2956 Plio.
622 2899 657 2956 H.
672 2897 706 2954 N.
722 2895 770 2953 lib.
791 2897 872 2968 XIX,
898 2905 924 2964 4.
944 2896 1014 2954 Inde
1031 2897 1165 2973 Epicurei

177 2995 199 3050 ol
220 2991 272 3054 ἀπὸ
291 2998 344 3054 τῶν
357 2995 450 3069 κήπων
464 2996 599 3053 dicuntur
615 2995 733 3054 asexto
753 2994 918 3070 Empirico,
936 2993 1006 3050 adv.
1026 2995 1163 3052 Mathern.

177 3091 226 3165 lX,
252 3111 282 3170 p.
308 3093 381 3162 566,
410 3091 453 3150 ed.
472 3090 569 3150 Faba:
588 3087 633 3149 καλ
653 3085 704 3170 γδιρ
719 3088 877 3171 Πυθαγόρας
897 3087 942 3146 καλ
968 3085 1163 3166 Ἐμπεδοκλῆς,

176 3185 221 3244 καλ
235 3189 259 3248 οἱ
272 3185 324 3246 ἀπὸ
341 3191 388 3261 τῆς
399 3186 509 3258 Ἰωνίας,
524 3185 669 3268 Σωκράτης
685 3183 770 3244 τεκαὶ
782 3181 957 3270 timemini
969 3183 1162 3266 Ἀριστοτέλης,

175 3281 218 3340 καλ
232 3286 255 3343 οἱ
270 3283 323 3342 ἀπὸ
338 3289 386 3356 τῆς
396 3287 490 3354 Στοᾶς,
507 3281 580 3364 τάχα
593 3281 621 3341 δὲ
635 3285 659 3342 οἱ
673 3282 726 3340 ἀπὸ
739 3283 791 3340 τῶν
811 3279 918 3356 κήπων,
931 3283 967 3349 ὣς
985 3285 1012 3340 αἱ
1027 3282 1104 3363 ῥηταὶ
1116 3289 1163 3342 τοῦ

175 3379 333 3464 Ἐπικούρου
346 3381 427 3450 λέξεις
443 3387 616 3464 μαρτυροῦσι,
627 3380 695 3441 Θεὸν
712 3378 1093 3440 ἀπολείπουσιν.ΤΙιειιιίειίιιε
1108 3403 1162 3460 pro

175 3477 319 3556 Epicureo
329 3480 504 3558 philosopho
519 3481 684 3557 usurparit:
700 3475 753 3560 ότιρ
764 3475 959 3556 μέλιιὸκῆπος,
969 3478 1011 3538 cf.
1024 3493 1084 3539 not.
1095 3499 1161 3556 279.

212 3576 291 3655 (304)
307 3582 405 3639 Senec.
416 3581 459 3636 lle
472 3578 532 3636 otio
545 3579 666 3656 sapient.
689 3577 787 3638 XXX:
799 3578 893 3634 «Duae
921 3578 1052 3635 maximae
1066 3580 1096 3636 in
1109 3580 1163 3637 lrac

172 3671 353 3732 redissident
373 3687 474 3749 sectae,
497 3677 708 3754 Epicureorum
724 3687 753 3732 et
768 3674 946 3745 Stoicornm3
970 3675 1020 3732 sed
1040 3688 1163 3753 utraque

172 3769 207 3826 ad
228 3773 320 3830 otium
340 3773 453 3832 diversa
476 3773 522 3832 via
543 3774 650 3832 mittit
665 3771 808 3849 Epicurus
833 3771 893 3830 ait:
914 3773 978 3833 Non
991 3773 1106 3831 accedet
1124 3774 1161 3830 ad

172 3868 376 3944 rempublicam
393 3872 522 3949 sapiens,
538 3870 593 3929 nisi
610 3870 633 3927 si
648 3869 717 3948 quid
730 3869 928 3928 intervenerit.
942 3871 1021 3928 Zeno
1033 3871 1088 3928 ait:
1105 3875 1161 3928 Ae-

171 3962 252 4020 cedat
271 3965 308 4022 ad
328 3966 552 4046 rempublicam,
574 3965 674 4026 nisisi
693 3965 764 4044 quid
779 3965 951 4044 impedierit.
970 3967 1053 4025 Alter
1069 3967 1160 4024 otium

173 4080 208 4116 ex
227 4063 378 4141 proposito
394 4064 479 4144 petit,
497 4065 570 4122 alter
590 4083 730 4122 excausa.
745 4065 839 4123 Causa
852 4075 949 4122 autem
969 4063 1018 4122 illa
1036 4062 1093 4120 late
1104 4082 1161 4141 pa-

174 4169 229 4228 tet3
250 4160 273 4216 si
298 4160 463 4238 respublica
486 4162 650 4240 corruptior
671 4173 730 4233 est,
752 4181 838 4239 quam
857 4173 890 4220 ut
912 4159 1041 4235 adjuvari
1060 4162 1160 4238 possit,
