3198 5288
1094 565 1196 619 XXIX

211 743 247 798 et
263 725 433 796 Rhodum
452 713 788 823 proficiscerentur,
816 729 879 822 qui
899 726 1117 824 eloquentiae
1132 756 1193 800 cu·

211 867 287 912 ram
302 855 521 938 tempusque
534 838 746 936 impendere
763 839 957 911 studebant
975 843 1062 938 (9ι).

258 954 419 1025 Rhodios
436 955 531 1024 inter
549 967 711 1024 oratores
724 957 857 1050 primas
872 968 1074 1026 tenuerunt
1089 958 1196 1054 Apol-

211 1072 329 1141 lonius
345 1068 471 1141 Molou
485 1068 579 1164 (92),
600 1072 858 1163 HermagoraS,
880 1075 1104 1154 Artamenes,
1121 1074 1196 1141 Ari-

211 1185 358 1270 stocles,
378 1183 576 1280 Philagrius
595 1182 685 1279 (93).
707 1185 825 1254 Asiani
848 1182 964 1253 multo
985 1184 1107 1280 plures
1121 1210 1194 1256 me·

210 1315 426 1370 morantur:
456 1298 635 1369 Menecles
665 1311 701 1367 et
716 1298 899 1368 Hierocles
915 1298 1013 1394 (94),
1035 1324 1194 1394 quorum

209 1418 399 1510 utriusque
439 1412 623 1482 orationes
664 1409 844 1501 fuerunt,
884 1426 925 1482 ut
967 1413 1004 1482 in
1050 1415 1195 1485 asiatico

209 1551 363 1624 genere,
390 1523 586 1596 laudabiles
614 1522 718 1620 (95);
751 1525 937 1622 AEscbylns
969 1527 1118 1598 Cnidius
1158 1544 1195 1599 et

209 1641 368 1712 Milesius
397 1639 606 1728 AEschines,
635 1641 673 1709 in
701 1639 838 1737 quibus
864 1655 942 1710 erat
975 1639 1196 1712 admirabilis

209 1756 382 1829 orationis
392 1779 537 1839 cursus,
548 1769 676 1825 ornata
690 1755 951 1826 sententiarum
970 1758 1194 1827 concinnitas

206 1896 281 1942 uon
305 1885 383 1942 erat
396 1868 491 1966 (96);
510 1869 707 1966 Menippus
727 1870 1003 1940 Stratonicensis
1018 1871 1108 1968 (97),
1126 1872 1195 1942 illis
1262 1963 1263 1966 Ἴ

208 1983 433 2083 temporibus
449 1983 730 2068 disertissimus,
749 1984 841 2054 utin
859 1986 986 2056 Atticis
1012 1989 1195 2058 numerari

210 2106 353 2198 possit;
392 2099 589 2194 Dionysius
631 2101 805 2196 Magnes,
839 2098 1194 2197 Adramyttenusque

204 2213 402 2301 Xenocles,
421 2215 457 2282 in
494 2213 573 2282 Asia
605 2211 794 2282 rhetorum
825 2216 1026 2310 principes,
1049 2215 1196 2310 quibus-

203 2506 259 2564 hoc
272 2525 372 2564 rursus
383 2504 502 2584 lsummo
515 2517 631 2563 auctore
641 2516 672 2562 et
681 2504 799 2562 doctore
821 2505 987 2562 renovavi.»
1010 2507 1053 2564 De
1074 2508 1193 2566 Panaetii

203 2603 328 2662 romanis
352 2614 383 2660 et
410 2602 509 2678 graecis
531 2601 725 2672 auditoribus,
746 2599 782 2659 cf.
803 2601 932 2678 Lyndeu,
956 2604 1000 2661 De
1024 2604 1135 2662 Panaet.
1159 2607 1192 2679 l,

208 2701 345 2776 §ra,13.

242 2796 302 2876 (91)
315 2798 358 2856 Cf.
373 2797 499 2868 Ahrens,
514 2796 534 2854 l.
546 2797 566 2853 l.
582 2814 649 2873 pers
661 2795 704 2866 ll,
715 2814 777 2872 cap.
788 2797 816 2872 l,
829 2795 850 2876 (ς
862 2797 909 2869 31,
922 2798 1065 2856 succincta
1080 2799 1194 2858 schola-

202 2915 267 2953 rum
280 2895 413 2965 historia,
425 2913 455 2972 p.
467 2893 576 2965 66-67.

242 3005 302 3084 (9ο)
315 3007 373 3066 Cic.
383 3007 463 3065 Brut.
474 3005 547 3066 xcl.

242 3113 304 3192 (93)
314 3115 435 3191 Dionys,
461 3114 552 3172 llalic.
570 3113 602 3170 itt
619 3113 755 3172 Dinarch.
777 3117 867 3170 VIII:
882 3116 907 3171 ol
924 3113 972 3191 μὲν
987 3112 1129 3197 Ὑπερίδην
1142 3141 1187 3194 μι-

203 3209 345 3290 μούμενοι,
372 3208 559 3293 διαμαρτόντες
574 3213 622 3281 τῆς
642 3209 751 3292 χάριτος
765 3209 865 3280 ἐκείνης
883 3209 929 3268 καὶ
945 3214 995 3282 τῆς
1009 3209 1092 3285 ἄλλης
1109 3213 1191 3274 δυνά-

201 3331 280 3386 μεως,
294 3307 429 3391 αὐχμηροί
441 3330 509 3375 τινες
527 3305 659 3385 ἐγένοντο,
678 3296 728 3366 οἶοι
741 3304 864 3385 γεγόνασι
877 3307 1011 3367 Ῥοδιακοὶ
1024 3308 1144 3390 ῥήτορες,
1166 3314 1191 3370 ol

199 3405 258 3486 περὶ
273 3403 445 3487 Ἀρταμένην,
461 3405 507 3464 καὶ
519 3402 700 3486 Ἀριστοκλέα,
711 3403 757 3463 καὶ
769 3402 917 3485 Φιλάγριον
927 3405 973 3494 καὶ
984 3403 1110 3466 Μολωνα.

238 3503 298 3582 (94)
319 3503 378 3562 Cic.
392 3504 436 3560 De
445 3504 526 3562 Orat.
538 3503 579 3574 ll,
592 3505 647 3560 23:
664 3501 917 3560 «Alabandensem
935 3502 1017 3560 illum
1034 3504 1190 3562 Meneclem

199 3613 227 3657 et
249 3601 310 3678 ejus
331 3599 449 3658 fratrem
474 3600 657 3670 llieroclem,¹
671 3619 745 3675 quos
765 3618 819 3676 ego
845 3599 960 3671 audivi,
986 3612 1046 3658 tota
1060 3601 1191 3660 imitatur

200 3698 297 3785 Asia,-

237 3805 298 3887 (95)
318 3807 416 3880 Idem,
437 3808 521 3867 Brut.
536 3807 620 3868 XCV.

239 3914 300 3992 (96)
321 3915 418 3989 Idem,
432 3915 506 3974 ibid.

238 4028 298 4106 (97)
318 4029 416 4089 Strab.
430 4031 494 4090 xlv
509 4055 515 4088 :
533 4031 665 4088 κάνταῦθα
684 4030 707 4088 δ’
718 4028 785 4110 ἀνὴρ
801 4028 934 4108 ἀξιόλογος
944 4029 1082 4107 γεγένηται
1101 4028 1188 4112 ῥήτωρ

199 4126 336 4195 Μένιππος
354 4125 424 4186 κατὰ
448 4126 507 4192 τοὺς
522 4125 639 4208 πατέρας
656 4129 748 4208 ἡμῶν.
761 4173 767 4184 .
781 4172 807 4188 ..
832 4127 861 4188 ὃν
876 4126 994 4205 μάλιστα
1019 4129 1120 4185 ἐπαινεῖ
1137 4130 1190 4187 τῶν

198 4221 265 4282 κατὰ
288 4221 337 4296 τλν
360 4223 448 4284 Ἀσίαν
468 4222 594 4304 ῥητόρων,
617 4211 654 4281 ὧν
679 4221 830 4304 ἠκροάσατο
854 4221 990 4304 Κικέρων,
1011 4221 1047 4288 ὥς
1062 4244 1139 4303 φησιν
1162 4221 1189 4283 It
