3198 5288
396 561 488 618 xtv1

398 723 456 780 tus
475 723 547 796 est,
570 707 616 779 de
638 703 828 778 movendis
851 702 1046 776 affectibus
1071 703 1233 801 quedam
1249 705 1390 793 docuit,
1504 779 1509 790 ,

396 826 658 920 actionemque
676 820 925 894 adumbravit:
942 821 989 891 ad
1007 820 1196 893 subtiliora
1215 839 1391 922 praecepta

396 937 560 1034 conlugit
580 937 796 1010 Theodorus
814 940 1020 1033 Byzantius.
1047 941 1274 1012 Incrementa
1295 943 1391 1035 cepit

397 1051 611 1139 Rhetorica,
636 1051 866 1149 Antipboute
880 1065 916 1122 et
935 1050 1099 1149 Cephalo
1120 1049 1293 1140 ducibus3
1305 1054 1393 1124 ulte·

398 1172 476 1242 rius
498 1183 621 1240 autem
651 1191 729 1238 eam
754 1181 1020 1264 promoverunt
1038 1171 1212 1239 Isocrates
1238 1169 1391 1266 ejusque

397 1284 564 1382 discipuli
575 1311 584 1355 ε
595 1283 791 1370 exordium,
806 1287 1061 1367 ammonem,
1076 1285 1388 1373 confirmationem,

395 1400 572 1498 epilogum
593 1413 629 1470 et
658 1399 883 1496 disciplinam
903 1397 948 1468 de
967 1397 1174 1470 Elocutr‘one
1191 1401 1391 1470 constitue-

396 1527 492 1586 runt.
520 1517 563 1582 ln
583 1513 752 1608 ambiguo
776 1527 897 1584 tamen
922 1526 977 1582 est
1001 1527 1125 1584 utrum
1151 1511 1229 1584 duo
1256 1537 1300 1583 an
1324 1521 1391 1583 tria

396 1642 484 1700 tunc
496 1627 673 1726 temporis
690 1625 829 1699 fuerint
847 1625 1060 1698 Rhetoricae
1079 1651 1222 1724 genera.

397 1866 417 1956 §
458 1869 505 1934 11.
554 1867 609 1934 Dr
654 1869 875 1934 Arist-orsus
915 1870 1205 1938 anoarcanurt
1252 1889 1391 1935 aaaron

793 2001 995 2050 sermons.

448 2221 553 2290 Nunc
572 2213 800 2286 inducendus
827 2221 865 2286 in
890 2239 1034 2287 scenam
1055 2217 1278 2303 Aristoteles,
1296 2217 1392 2288 Rhe·

400 2335 520 2402 toricae
553 2354 641 2401 vera
678 2331 734 2401 lex
770 2343 807 2401 et
841 2354 980 2401 norma.
1021 2333 1263 2428 Nequaquam
1305 2333 1391 2402 satis

397 2443 595 2516 dolendum
621 2445 800 2515 interiisse
829 2443 941 2514 multa
965 2468 1007 2515 ex
1038 2445 1081 2515 iis
1111 2469 1192 2540 quae
1217 2458 1320 2516 tauto
1345 2443 1392 2515 de

398 2573 616 2656 argumento
659 2562 852 2656 scripserat
888 2559 942 2629 vir
979 2560 1197 2655 sagacissimi
1236 2560 1389 2656 ingenii,

398 2676 647 2773 copiosissima
683 2679 883 2745 instructus
929 2674 1108 2745 doctrina.
1153 2679 1390 2772 Compertum

399 2792 496 2862 enim
520 2788 697 2859 habemus
725 2789 822 2860 bunc
846 2793 883 2859 in
913 2789 1067 2860 aliorum
1088 2789 1317 2860 recensendis
1333 2789 1390 2859 vel

399 2902 621 3002 explicandis
647 2903 787 2976 artibus
815 2919 995 2975 versatum
1029 2902 1156 2994 fuisse,
1189 2904 1391 3002 litterisque

399 3017 587 3091 mandasse
619 3043 661 3090 ea
691 3043 772 3116 quaa
806 3024 884 3118 ipse
912 3025 1196 3117 excogitaverat,
1227 3020 1392 3119 perlectis

398 3134 605 3206 oratoribus
628 3149 665 3205 et
690 3138 807 3232 poetis
831 3159 992 3231 quorum
1015 3151 1122 3233 partu
1142 3135 1220 3206 laeta
1239 3133 1392 3205 exsulta-

400 3248 463 3320 bat
481 3251 628 3320 Graecia.

447 3365 484 3435 Si
501 3366 585 3460 quis
600 3366 711 3462 igitur
725 3389 765 3435 ea
778 3389 859 3462 quae
873 3363 1104 3436 disseminata
1120 3364 1331 3459 collegimus
1350 3366 1387 3432 in

399 3501 534 3568 unum,
549 3493 728 3577 quantum
748 3479 827 3551 lieri
843 3481 983 3577 potuit,
1005 3495 1047 3550 ut
1061 3480 1131 3550 sub
1149 3493 1390 3574 conspectum

399 3595 566 3666 venirent
586 3597 710 3666 omnia
728 3619 809 3691 quae
822 3593 868 3665 de
886 3594 1079 3666 Rhetorica
1093 3593 1222 3664 tradita
1244 3591 1391 3664 fueraut

399 3722 482 3780 ante
507 3709 762 3793 Aristotelem,
787 3709 983 3780 contulerit
999 3733 1084 3780 cum
1113 3712 1199 3779 Arte
1216 3709 1390 3804 Stagiritae

401 3824 437 3891 in
470 3837 541 3892 tres
575 3821 686 3893 libros
714 3821 931 3904 distributa3
964 3827 995 3892 is
1029 3845 1114 3892 sanc
1140 3820 1315 3893 fatebitur
1350 3826 1387 3891 in

399 3942 501 4012 cunis
539 3944 742 4040 vagientem
792 3940 1016 4011 Rhetoricen
1056 3940 1236 4034 jacuisse,
1266 3939 1384 4014 donec

399 4055 508 4150 hujus
540 4053 654 4126 ductu
691 4069 728 4127 et
770 4056 952 4154 auspiciis¹
983 4055 1028 4129 ad
1072 4080 1255 4128 summum
1309 4080 1391 4126 eve·

400 4165 547 4238 heretur
578 4164 769 4263 fastigium.
801 4172 875 4237 Hac
909 4165 953 4238 de
988 4193 1124 4255 causa,
1165 4165 1390 4264 temporibus
