3198 5288
403 567 519 626 XXXI}

406 728 604 821 fragmenta
614 730 819 812 supersunt.
835 719 956 784 Artem
969 723 1013 801 τῷ
1026 711 1118 780 εἰκότι
1127 704 1307 806 praecipue
1316 725 1396 772 con-

404 865 498 922 stare
512 838 656 914 dicebat
666 837 731 933 (α),
752 835 1046 928 Rhetoricenqne
1066 822 1265 900 definiebat
1276 825 1395 904 πειθοῦς

405 969 589 1069 δημιουργόν
600 960 663 1064 (3)
673 963 783 1034 Tisias
797 959 998 1031 Rhetoricae
1007 953 1100 1024 fines
1110 951 1289 1049 prolatare
1298 950 1396 1018 ince-

404 1093 457 1187 pit
467 1086 533 1181 (Δ)
549 1082 693 1154 Thuriis
703 1075 844 1172 Lysiam
857 1071 928 1169 (5),
944 1069 1093 1140 Athenis
1108 1071 1396 1136 Isocratemern-

404 1203 469 1274 diit
487 1199 551 1297 (6).
568 1199 737 1291 Gorgias,
752 1186 982 1286 Empedoclis
1001 1198 1037 1255 et
1053 1183 1154 1253 Tisiae
1182 1176 1395 1274 discipulus,

404 1324 479 1389 dux
503 1312 692 1412 legationis
738 1327 847 1402 qnam
894 1300 1051 1370 Athenas
1093 1293 1264 1366 Leontini
1291 1290 1396 1358 mise·

405 1447 504 1517 rant,
524 1432 665 1501 animos
688 1421 847 1492 dictione
866 1441 931 1486 sua
958 1411 1110 1511 perculit
1126 1409 1197 1506 (7);
1223 1405 1394 1476 Graeciam

404 1545 633 1646 perlustravit
669 1552 704 1608 ct
745 1541 782 1605 in
827 1531 1006 1602 Thessalia
1047 1537 1292 1598 commoratus
1331 1532 1393 1588 est.

404 1779 424 1823 t.
433 1766 484 1839 Vl,
493 1784 521 1841 p.
533 1759 590 1817 215
600 1777 673 1834 sqq.;
683 1757 828 1828 Doxopat.
838 1749 947 1828 proleg.
956 1745 1038 1804 Rhet.
1051 1742 1121 1804 ibid.
1130 1743 1177 1812 Vl,
1189 1760 1217 1817 p.
1233 1735 1395 1806 133Tr0il.,

403 1862 512 1942 proleg.
533 1857 616 1915 Rhet.
637 1850 706 1911 ibid.
727 1870 758 1927 p.
778 1850 837 1914 (ὃς
863 1845 974 1919 Proleg.
999 1843 1042 1899 De
1066 1839 1216 1907 statibus,
1237 1835 1308 1894 ibid.
1330 1835 1395 1903 Vll,

403 1981 433 2036 p.
446 1958 474 2014 6.
486 1951 632 2032 Spengel,
644 1969 673 2026 p.
691 1948 794 2015 22-37.

446 2052 487 2127 (α)
502 2049 620 2109 Aristot.
640 2043 725 2101 Rhet.
740 2041 783 2109 ll,
803 2047 840 2106 al,
853 2063 859 2095 :
874 2035 934 2094 ἀλλ’
948 2032 1038 2114 ὥσπερ
1054 2032 1100 2090 καί
1114 2030 1158 2090 ἐπὶ
1179 2034 1231 2089 τῶν
1248 2031 1395 2110 ἐριστικῶν,

403 2151 433 2210 τὸ
445 2146 549 2208 κατότι
560 2142 605 2202 καὶ
618 2137 682 2221 πρός
696 2161 732 2211 τι,
745 2135 790 2194 καὶ
803 2138 853 2208 πῆ,
865 2135 895 2192 οὖ
911 2129 1114 2214 προστιθέμενα,
1125 2136 1196 2188 ποιεῖ
1208 2128 1394 2210 συκοφαντίαν·
1486 2145 1492 2158 ·

403 2245 448 2307 καλ
462 2245 573 2303 ἐνταῦθα
592 2235 667 2318 παρδι
684 2235 715 2294 τὸ
733 2233 800 2298 εἰκὸς
817 2229 854 2309 μὴ
874 2231 981 2302 ἅπλῶς,
1001 2226 1070 2286 ἀλλά
1087 2249 1114 2284 τι
1129 2224 1205 2292 εἰκός.
1224 2225 1306 2286 Ἐστι
1327 2227 1350 2285 δ’
1367 2230 1396 2286 ἐκ

402 2341 496 2404 τούτου
509 2345 556 2398 τοῦ
570 2335 652 2396 τόπου
663 2337 681 2404 ἡ
693 2329 816 2412 Κόρακος
825 2324 908 2406 τέχνη
922 2322 1092 2404 συγκειμένη,
1103 2325 1162 2382 κτλ.

456 2439 653 2519 (3)An0nym.
683 2429 808 2507 Epitom.
831 2423 945 2484 Rhetl.
971 2423 1000 2491 l.,
1026 2433 1047 2479 t.
1069 2422 1127 2490 lll,
1158 2441 1186 2500 p.
1212 2423 1280 2483 611.
1313 2423 1396 2483 Adde

404 2537 516 2614 Syrien.
539 2531 632 2591 Schol.
660 2530 690 2586 in
718 2529 852 2600 Hermog.
878 2525 922 2581 De
937 2519 1075 2589 statibus,
1103 2517 1173 2578 ibid.
1200 2522 1248 2594 tv,
1271 2539 1301 2598 p.
1322 2523 1392 2594 ⁵75:

402 2627 532 2712 γνωστέον
556 2624 603 2697 δὲ,
621 2621 662 2682 ὅτι
690 2621 736 2680 καί
751 2617 839 2700 Κόραξ
854 2621 869 2677 ὁ
885 2614 1062 2697 τεχνογράφος
1083 2618 1121 2696 τῷ
1142 2618 1190 2685 τῆς
1207 2616 1396 2684 καταστάσεως

403 2727 513 2806 ὀνόματι
525 2721 656 2802 κέχρηται
668 2763 676 2790 ,
691 2716 819 2798 προοίμια
833 2720 880 2774 τοῦ
894 2712 973 2791 λόγου
983 2713 1031 2784 τὴν
1043 2711 1205 2790 κατάστασιν
1217 2715 1314 2772 καλῶν.

443 2823 485 2902 (ι.)
498 2820 612 2894 Proleg.
627 2817 658 2873 in
674 2816 810 2889 llermog.
824 2811 908 2869 Rhet.
928 2808 998 2868 ibid.
1020 2821 1041 2864 t.
1054 2809 1103 2880 lV,
1117 2829 1145 2886 p.
1160 2818 1209 2876 rt:
1230 2812 1245 2867 ὁ
1261 2809 1356 2876 Τισίας
1368 2809 1395 2870 δὲ

402 2925 498 2986 ἐκεῖνος
516 2910 638 2975 ἀπελθὼν
649 2908 748 2992 ἤρξατο
761 2906 893 2967 διδάσκειν
905 2903 950 2963 καί
960 2902 1100 2962 πλατόνειν
1114 2900 1161 2975 τλν
1173 2907 1324 2985 ῥητορικήν.

443 3009 644 3098 (5)Plutarch.
674 3020 693 3065 t.
710 3005 758 3078 tx,
787 3025 816 3083 p.
845 3007 913 3076 321,
933 3002 969 3060 ed
990 3001 1098 3069 Reisk.;
1121 2999 1207 3059 Phot.
1231 3001 1305 3060 Bibl.
1323 3003 1393 3060 (lod.

246 3135 248 3138 '
404 3114 525 3178 cetxt.
1229 3143 1234 3152 .

443 3213 485 3293 (6)
497 3209 615 3282 Dionys.
626 3201 761 3277 Haliclin
771 3201 858 3259 lsocr.
873 3200 895 3256 l.
908 3199 951 3256 Cl.
967 3197 1111 3274 Spengel,
1125 3198 1143 3253 l.
1159 3196 1189 3264 l.‚
1205 3211 1232 3254 et
1244 3215 1273 3274 p.
1290 3198 1393 3273 37-39.

445 3307 485 3386 (7)
503 3303 588 3365 Diod.
601 3301 671 3370 sic,
688 3299 755 3368 XII,
777 3297 831 3354 53:
846 3301 981 3354 Λεοντῖνοι
995 3290 1150 3356 Χαλκιδέων
1168 3289 1217 3369 μίν
1231 3290 1303 3358 όντες
1316 3290 1396 3351 ἄποι-

404 3429 456 3480 κοι,
471 3407 603 3481 συγγενεῖς
621 3395 650 3456 δὲ
661 3392 805 3467 Ἀθηναίων
816 3390 909 3472 ἔτυχον
921 3390 973 3449 ὑπὸ
984 3388 1173 3470 Συρακουσίων
1192 3385 1395 3466 πολεμούμενοι·

403 3499 552 3578 σωζόμενοι
567 3493 595 3556 δέ
611 3497 651 3576 τῷ
667 3491 778 3572 πολέμῳ
792 3489 838 3551 καὶ
856 3487 900 3548 διὰ
916 3485 965 3559 τὴν
984 3485 1117 3567 ὑπεροχὴν
1132 3488 1186 3544 τῶν
1206 3485 1394 3566 Συρακουσίων

403 3594 594 3662 κινδυνεύοντες
610 3593 710 3651 ἁλῶναι
723 3585 794 3647 κατδι
806 3585 911 3667 κράτος,
922 3582 1072 3666 ἐξέπεμψαν
1084 3580 1207 3665 πρέσὸεες
1219 3584 1256 3648 εἰς
1266 3583 1312 3648 τας
1323 3581 1396 3653 Ἀθή-

403 3720 464 3762 νας.
477 3739 483 3752 .
496 3739 503 3752 .
516 3683 583 3752 ,Ἦν
597 3687 625 3747 δὲ
636 3691 688 3746 τῶν
700 3683 906 3760 ἀπεσταλμένων
918 3677 1145 3762 ἀρχιπρεσόευτλς
1157 3678 1270 3760 Γοργίας
1280 3683 1295 3738 ὁ
1307 3678 1395 3760 ῥήτωρ

404 3787 531 3858 δεινότητι
543 3783 622 3861 λόγου
637 3779 705 3840 πολὺ
719 3776 840 3860 προέχων
858 3775 965 3835 πάντων
985 3777 1038 3834 τῶν
1060 3774 1120 3832 καθ’
1132 3771 1239 3832 ἑαυτόν·
1257 3766 1332 3839 οὗτος
1348 3773 1394 3832 καί

403 3887 497 3968 τέχνας
520 3877 659 3965 ῥητορικάς
678 3879 781 3958 πρῶτος
803 3873 897 3956 ἐξεῦρε.
920 3865 1005 3938 oio<
1028 3862 1073 3932 silv
1098 3871 1266 3943 καταντήσας
1290 3873 1327 3938 εἷς
1348 3869 1395 3938 τάς

404 3982 513 4056 Ἀθήνας
524 3978 581 4051 καί,
599 3972 745 4056 παραχθείς
765 3975 801 4039 εἰς
811 3971 857 4031 τόν
871 3972 965 4049 δῆμον,
977 3953 1099 4050 διελέγθη
1113 3977 1167 4037 τοῖς
1178 3967 1322 4042 Ἀθηναίοις
1336 3968 1394 4048 περὶ

404 4086 451 4154 τῆς
474 4071 639 4157 συμμαχίας,
652 4070 747 4151 καὶτῷ
770 4067 891 4137 ξενίζοντι
912 4071 960 4130 τός
976 4063 1069 4134 λέξεως
1090 4063 1213 4137 ἐξέπληξε
1235 4064 1295 4132 τοὺς
1317 4064 1395 4134 Ἀθη-

405 4177 504 4250 ναίους,
517 4175 575 4233 κτλ.
