3174 5284
474 533 523 600 ΙΝ
550 533 872 606 PHILODEMUM.
1101 535 1169 609 155

179 697 297 775 γενέσθαι
328 697 462 776 (Dionys.
490 694 641 775 γίγνεσθαι,
661 665 744 756 alteri
766 697 1022 776 postponendum).
1051 698 1168 759 Ἐκεῖνοι

178 795 286 872 τοίνυν,
312 784 350 860 οἷς
372 795 419 853 οὐκ
441 793 585 876 ίχαρίζονθ’
604 796 629 852 οἱ
653 792 772 873 λέγοντες
803 795 943 874 (Dionys.
967 792 1118 877 ίγριρίζοντο
1142 800 1168 856 ol

178 891 315 970 λέγοντες),
336 891 391 950 οὔδ’
417 890 520 972 ἐφίλουν
542 889 649 964 αὐτοὺς,
667 889 757 972 ὥσπερ
769 894 836 968 ὑμᾶς
854 882 925 950 οὗτοι
940 895 998 966 νῦν,
1017 891 1096 952 πέντε
1118 892 1166 970 μίν

178 988 221 1048 καὶ
255 987 381 1062 ἐξήκοντα
415 988 462 1060 ἔτη
492 991 544 1048 τῶν
579 987 717 1060 Ἑλλήνων
740 979 821 1068 ἧρξαν
854 987 987 1048 ἑκόντων·
1012 989 1097 1049 πλείω
1119 992 1142 1048 δ’
1148 991 1166 1064 ἦ

177 1085 256 1168 μύρια
270 1085 387 1146 τάλαντα
408 1087 444 1153 εἰς
459 1083 508 1158 cla
522 1083 665 1168 ἀκρόπολιν
682 1085 814 1165 ἀνήγαγον
830 1087 971 1163 (Dionys.
986 1085 1142 1166 συνήγαγον.
1157 1089 1167 1166 )

177 1182 311 1254 Ὑπίοιουε
324 1182 353 1242 δὲ
365 1187 380 1243 δ
392 1180 492 1254 ταύτην
504 1181 553 1254 τὴν
571 1179 661 1263 χώραν
675 1181 744 1262 ἔχων
756 1184 844 1248 αὐτοῖς
859 1181 998 1262 βασιλεὺς,
1008 1181 1098 1265 ὥσπερ
1110 1184 1171 1244 ἐστὶ

177 1282 308 1360 προσῆκον
328 1277 460 1361 βίρὸαρον
478 1277 607 1350 Ἕλλησι.
626 1277 719 1338 Πολλὰ
740 1277 768 1336 δὲ
787 1279 833 1338 καί
848 1277 919 1338 καλδι
936 1278 982 1339 καί
994 1283 1060 1361 πεζῇ
1072 1282 1081 1359 (
1095 1281 1166 1338 llio-

175 1397 235 1454 nys.
251 1375 401 1456 καίπεζοί),
411 1375 458 1436 καί
471 1380 668 1455 ναυμαχοῦντες
688 1374 802 1448 ἔστησαν
817 1375 932 1458 τρόπαια
946 1376 1020 1436 αὐτοὶ
1041 1400 1165 1458 στρατευ-

174 1469 271 1549 όμενοι.
292 1470 377 1532 Μόνον
392 1469 420 1530 δὲ
439 1471 584 1554 ἀνθρώπων
600 1469 712 1553 κρείττω
732 1469 781 1544 rip
795 1471 839 1530 ἐπὶ
854 1480 908 1538 τοῖς
921 1470 1006 1552 ίργοις
1021 1471 1097 1542 δόξαν
1111 1475 1164 1531 τῶν

173 1565 333 1648 φθονούντων
346 1565 487 1628 κατέλιπον
499 1569 558 1630 κτλ.

212 1666 245 1722 V.
267 1675 314 1736 ολ.
341 1663 568 1742 Ἐκδεδομένους.
587 1706 620 1725 ..
649 1665 741 1724 Simili
767 1665 873 1740 modo,
901 1666 1065 1724 orationum
1092 1686 1109 1723 a
1133 1686 1163 1724 sc

173 1761 312 1820 editarum
327 1763 456 1821 meminit
471 1763 624 1836 lsocr.,1)e
637 1762 770 1822 trudas,
781 1765 816 1836 V,
831 1763 876 1821 ed.
888 1766 1009 1840 Coray.:
1026 1764 1122 1822 Ταῦτα
1137 1761 1165 1820 δὲ

172 1858 323 1934 διανοηθείς,
337 1856 449 1942 ἔγραφον
458 1857 503 1918 τὸν
515 1858 592 1939 λόγον
604 1865 706 1934 τοῦτον,
716 1861 763 1919 οὐκ
772 1860 910 1938 ἀκμάζων,
922 1861 979 1920 ἀλλ’
992 1860 1038 1932 ἔτη
1052 1858 1165 1940 γεγονὼς

172 1953 217 2014 δύο
227 1956 273 2014 καί
289 1954 457 2033 ὀγδοήκοντα.
474 1954 572 2038 Διόπερ
589 1955 642 2038 χρὴ
658 1955 817 2037 συγγνώμην
829 1955 918 2037 ἔχειν,
933 1956 965 2028 ἣν
977 1957 1168 2038 μαλακώτερος

172 2049 207 2113 ὧν
218 2052 345 2134 φαίνηται
358 2056 411 2112 τῶν
423 2053 468 2114 ὑπ’
477 2055 543 2133 ἐμοῦ
557 2052 683 2137 πρότερον
697 2043 882 2133 ἐκδεδομένων.

604 2237 732 2258 ‘⁴—

454 2378 680 2448 COLUMNA
715 2379 875 2446 XXXIV.

208 2543 241 2602 V.
255 2561 315 2601 r-a.
328 2544 389 2604 uer
400 2538 467 2610 ὅλως
478 2549 604 2625 πρᾶγμα.
617 2587 623 2599 .
637 2585 643 2598 .
663 2540 734 2604 lude
745 2559 762 2600 a
776 2541 884 2618 Gorgia
897 2539 1032 2618 sophistae
1044 2540 1081 2598 de
1093 2561 1163 2618 qua-

171 2660 293 2719 cumque
308 2660 341 2698 re
355 2661 385 2699 se
400 2639 528 2698 dicturos
542 2659 604 2697 esse
622 2637 832 2716 gloriabantur.
853 2639 984 2708 Quorum
1008 2638 1161 2697 vanitatem

97 2746 100 2757 '
171 2740 263 2818 carpit
285 2739 383 2808 Plato,
403 2737 433 2795 in
449 2738 538 2815 Gorg.
554 2737 640 2795 uetk.
656 2735 702 2796 ed.
716 2735 811 2796 Lond.
834 2738 920 2811 1826,
942 2750 962 2797 t.
978 2737 1033 2808 ΙΙΙ,
1044 2757 1073 2814 p.
1093 2739 1164 2807 sla,

173 2839 247 2894 133:
265 2832 349 2896 Οὐδὲν
360 2826 414 2894 οἷον
432 2833 464 2893 τὸ
475 2833 553 2893 αὐτὸν
568 2834 685 2916 ἐρωτᾷν,
705 2822 891 2914 ὦΣιίνκρατες.
906 2831 962 2894 Καί
976 2831 1028 2913 γδρ
1047 2834 1119 2912 αὐτῷ
1133 2830 1161 2890 ἓν

170 2931 238 2992 τοῦτ’
250 2922 284 3004 ἦν
296 2935 344 3003 τῆς
355 2929 512 3000 ἐπιδείξεως·
524 2930 628 2990 ἐκελευε
639 2935 701 3015 γοῦν
715 2934 761 2988 νῦν
773 2928 805 3003 δὴ
817 2933 916 3012 ἐρωτᾷν
927 2927 946 2988 δ
953 2953 979 2988 τι
990 2952 1030 2995 τις
1041 2927 1162 3008 βούλοιτο

169 3031 221 3089 τῶν
234 3029 306 3090 ἔνδον
320 3027 421 3103 ὄντων,
435 3027 482 3088 καί
494 3027 562 3110 πρδς
573 3026 679 3088 ἅπαντα
700 3026 750 3106 ἔφη
765 3029 962 3108 ἀποκρινεῖσθαι
975 3029 1033 3085 κτλ.
1050 3027 1160 3084 Similia

169 3127 257 3188 tradit
269 3127 327 3190 Cic.
341 3128 385 3187 ue
395 3127 475 3186 Orat.
489 3128 512 3198 l,
528 3146 565 3184 ον
577 3147 586 3186 τ
598 3126 744 3200 «Quando
759 3126 836 3184 enirn
851 3145 897 3184 rue
912 3125 967 3183 ista
980 3142 1095 3181 curasse
1109 3137 1161 3182 aut

162 3227 309 3304 ,cogitasse
327 3223 522 3296 arbitramini,
546 3235 575 3282 et
592 3244 651 3282 nou
672 3243 785 3301 semper
801 3223 924 3282 irrisisse
939 3221 1036 3299 potius
1058 3239 1158 3278 eorum

169 3323 319 3383 homiuum
340 3321 557 3399 impudentiam,
573 3321 637 3398 qui,
649 3340 737 3398 quum
755 3321 786 3378 in
808 3321 906 3378 schola
925 3319 1110 3389 assedissem,
1125 3339 1162 3376 ex

169 3439 271 3498 magna
293 3418 444 3476 homiuum
471 3417 632 3494 frequentia
655 3416 752 3475 dicere
774 3416 925 3494 juberent,
948 3416 973 3474 si
997 3416 1062 3494 quis
1090 3415 1161 3492 quid

168 3528 319 3593 quaereret.
339 3514 427 3588 Quod
442 3514 566 3592 primum
578 3514 676 3572 lerunt
696 3515 869 3572 leontinum
886 3514 987 3572 iecisse
999 3513 1158 3590 Gorgiam3

167 3614 218 3690 qui
241 3629 428 3690 permagnum
450 3610 587 3687 quiddam
616 3610 762 3688 suscipere
786 3631 819 3668 ac
842 3612 972 3689 profiteri
996 3609 1159 3680 videbatur,

161 3729 258 3788 quum
275 3728 305 3768 se
320 3709 356 3768 ad
373 3708 469 3766 omnia
483 3706 637 3785 dequibus
649 3709 771 3786 quisque
786 3709 886 3767 audire
898 3708 986 3766 vellet
1002 3727 1063 3766 esse
1074 3725 1159 3784 para-

169 3820 229 3866 tum
258 3807 450 3866 denuntiaret.
473 3807 577 3866 Postea
597 3825 667 3863 vero
693 3807 777 3884 vulgo
798 3807 854 3866 hoc
879 3807 972 3864 lacere
995 3813 1160 3881 coeperunt,

167 3899 313 3982 hodieque
328 3903 454 3973 faciuut;
475 3914 508 3962 ut
527 3902 605 3961 nulla
618 3903 655 3960 sit
673 3923 736 3972 res,
758 3923 852 3982 neque
869 3916 972 3982 tanta„
984 3920 1079 3977 neque
1102 3911 1160 3956 tam

168 4019 252 4082 uota,
263 3999 301 4057 de
316 4018 443 4076 quianon
454 4017 484 4056 se
499 3997 594 4056 omnia
606 4017 671 4075 quae
683 3997 740 4056 dici
750 4013 882 4076 possunt,
895 3998 1086 4076 profiteantur
1097 4011 1159 4052 esse
1185 3999 1191 4023 “

168 4095 306 4155 dicturos.
322 4123 333 4149 ν
349 4097 392 4155 Cs.
404 4097 453 4155 'lle
469 4093 559 4154 finib.
571 4096 608 4168 ll,
627 4115 652 4154 1.
664 4095 744 4154 idem
766 4097 917 4173 pollicetur
928 4094 1062 4170 Hippias,
1080 4090 1158 4168 apud
