3174 5284
444 562 493 634 IN
518 563 838 634 PHILODEMUM.
1070 585 1130 632 tar

43 761 47 778 ·
140 746 289 814 qarantar:
304 749 370 790 uam
396 741 507 788 oaeterae
526 742 622 809 partes
635 732 800 808 loquentem
812 727 961 806 adjuvant,
974 729 1029 802 hae,
1045 749 1136 809 prope

142 846 188 892 est
209 844 244 890 ut
280 829 390 898 dicam,
422 826 493 904 ipsse
507 828 675 905 loquuntur.
693 828 744 887 llis
769 825 934 905 poscimus,
957 827 1138 905 pollicemur,

142 947 292 998 vocamus,
320 923 506 995 dimittimus,
533 923 687 996 minamur,
708 921 1148 1003 supplicamus,abominamurp

144 1028 296 1096 timemus;
320 1021 474 1101 gaudium,
502 1020 1141 1095 tristitiam,dubitationemoonfessionem,

145 1121 356 1202 poenitentiam,
364 1117 494 1196 modum,
506 1117 631 1197 copiam,
638 1135 802 1192 numerum,
810 1132 923 1197 tempos
940 1118 1142 1176 ostendimus.»

146 1217 353 1288 Cassiodorus,
366 1215 459 1295 Epist.
470 1215 534 1277 Lib.
549 1217 601 1288 lv,
612 1216 704 1295 Epist.
715 1215 762 1290 u,
775 1215 811 1274 do
823 1216 1066 1295 pantomimorum
1081 1229 1142 1274 arte

147 1316 238 1376 verba
251 1315 374 1374 faciens:
386 1313 629 1391 «Loquaoissimae
644 1332 754 1384 manus,
764 1312 887 1390 linguosi
898 1313 990 1390 digiti,
999 1314 1143 1372 silentium

148 1413 319 1482 clamosum,
344 1411 489 1491 expositio
515 1409 619 1479 tacita,
636 1429 722 1488 quam
735 1427 816 1468 musa
830 1410 983 1486 Polymnia
1004 1411 1144 1488 reperisse

148 1522 297 1584 narratur,
311 1507 466 1568 ostendeus
488 1505 620 1566 homines
636 1525 729 1584 posse,
742 1517 772 1564 et
787 1507 848 1566 sine
868 1507 927 1568 oris
944 1507 1048 1582 aifatu,
1060 1529 1143 1567 suurn

150 1607 226 1664 velle
254 1605 432 1664 declarare.»
468 1603 512 1664 cf.
536 1602 691 1680 Chrysippi
714 1602 864 1681 fragment.
880 1604 998 1664 Dissert.
1024 1606 1146 1684 nagog„

151 1723 182 1783 p.
201 1699 282 1773 le3
298 1699 419 1760 Gerard.
440 1699 545 1758 loann.
564 1701 647 1758 Voss.
663 1700 682 1756 l.
696 1699 715 1758 l.
731 1701 802 1778 Cap.
815 1701 863 1769 XI,
880 1711 905 1768 t.
919 1701 1006 1778 Apud
1025 1703 1146 1760 llorten-

150 1799 228 1859 sium
244 1811 341 1856 motus
353 1815 492 1855 manuum
507 1795 574 1874 plus
592 1797 661 1855 artis
682 1795 818 1856 habuisse
841 1817 926 1875 quam
951 1809 1013 1856 erat
1033 1799 1149 1857 Oratori

151 1898 222 1956 satis
235 1896 324 1956 tradit
340 1895 405 1956 nul.
420 1894 543 1966 Gell.,1,
567 1895 602 1953 5:
617 1895 815 1954 «Hortensius
828 1895 963 1954 omnibus
977 1895 1067 1955 lerme
1082 1916 1148 1955 ora·

153 1994 268 2054 toribus
293 1993 385 2051 aetatis
408 2010 477 2070 suae,
489 1992 547 2050 nisi
558 1995 596 2052 Μ.
608 1993 718 2070 Tullio,
736 1993 858 2068 clarior,
870 1991 948 2071 quod
961 1994 1051 2052 multa
1065 2013 1151 2054 mun-

154 2089 227 2149 ditia
254 2101 284 2147 et
308 2088 515 2165 circumspecte
530 2091 752 2166 compositeque
765 2089 882 2148 indutus
895 2102 924 2148 et
936 2090 1060 2149 amictus
1066 2105 1151 2164 esset,

152 2207 308 2263 manusque
336 2192 395 2262 eJ'us
414 2191 489 2244 inter
504 2187 642 2263 agendum
657 2181 757 2262 forent
773 2199 882 2266 argaetoe
898 2189 1047 2244 admodum
1064 2201 1095 2244 et
1101 2209 1149 2265 ge-

153 2300 271 2366 stuosoe,
306 2283 466 2342 maledictis
494 2283 823 2362 compellationibusque
842 2282 1004 2361 probrosis
1024 2279 1168 2360 jactatus

155 2395 233 2442 est.»

589 2565 749 2582 *⁸-

480 2717 704 2784 COLUMNA
725 2717 829 2784 XVI.

198 2905 232 2961 V.
251 2901 314 2961 1-3.
330 2898 379 2960 Διὸ
396 2899 659 2971 καὶ-ἀποστῆναι.
671 2944 700 2959 ..
716 2899 797 2959 ldom
812 2900 901 2958 tradit
916 2902 1036 2978 Dionys.
1059 2904 1152 2962 llalio.

157 2999 189 3056 in
212 2997 345 3058 Isocr.l:
375 2993 499 3067 Σπουδήν
524 2992 573 3074 μὲν
603 2996 715 3056 ἐποιεῖτο
744 2994 868 3076 πράττειν
892 3019 922 3055 τε
945 2997 990 3057 καὶ
1010 2995 1096 3076 λέγειν
1119 2997 1153 3058 τὰ

157 3092 305 3154 πολιτικοί·
320 3095 355 3159 ὡς
383 3089 411 3150 δὲ
425 3095 442 3164 ἡ
457 3089 535 3174 ρύσις
544 3095 710 3164 ἠναντιοῦτο,
722 3089 757 3151 τὰ
770 3095 863 3176 πρῶτα
875 3091 920 3151 καλ
937 3092 1087 3174 κυριώτατα
1105 3102 1152 3155 τοῦ

158 3191 271 3274 ῥήτορος
295 3187 445 3272 ἀφελομένη
455 3235 463 3264 ,
487 3186 589 3267 τόλμαν
602 3205 631 3248 τε
649 3188 694 3248 κοιλ
708 3193 796 3271 φωνῆς
818 3187 937 3268 μέγεθος,
959 3181 996 3250 ὧν
1008 3192 1089 3273 χωρὶς
1103 3195 1161 3272 οὐχ
1249 3212 1251 3216 ·

158 3279 216 3348 οἶόν
238 3311 267 3347 τε
289 3275 321 3360 ήν
334 3289 361 3346 ἓν
377 3285 451 3368 ὄχλῳ
469 3283 573 3365 λέγειν,
594 3285 692 3359 ταύτης
705 3285 753 3367 μὲν
780 3286 882 3360 ἀπέστη
902 3291 948 3359 τῆς
967 3289 1158 3371 προαιρέσεως..

158 3385 234 3448 cod.
249 3389 328 3454 Pan,
344 3379 381 3441 n⁰
400 3393 476 3457 ¹74²
489 3383 577 3443 habet
600 3385 747 3466 κυριώτερα
762 3405 816 3463 pro
828 3384 995 3466 κυριώτατα,
1008 3407 1072 3464 quae
1085 3410 1155 3448 con-

158 3482 237 3543 fusio
252 3483 389 3542 solemnis
401 3495 445 3540 est
459 3480 538 3560 apud
550 3481 696 3543 librarios.

203 3599 238 3658 V.
273 3596 339 3655 3-6.
367 3591 538 3674 Δημοσθένης
555 3639 592 3651 -
609 3597 636 3654 ἐν
662 3599 695 3676 τῇ
722 3599 895 3678 ῥητορικῇ...
931 3599 975 3658 Cs.
1008 3601 1083 3672 Cio,
1116 3602 1159 3659 De

160 3695 244 3754 Orat.
258 3691 311 3763 lll,
325 3691 377 3761 563
390 3689 537 3764 Quinctil,
549 3692 600 3767 xl,
613 3695 644 3764 33
656 3692 749 3750 Valer.
763 3693 838 3751 Max.
852 3694 929 3768 Vllt,
945 3714 996 3766 τος
1011 3696 1158 3764 photium,

161 3788 239 3850 Bibl.
253 3788 385 3851 CCLXV.
398 3781 511 3847 Addam
528 3789 650 3866 Longiu.
669 3787 829 3866 Fragment.
851 3790 915 3850 Vlll
932 3811 938 3846 :
968 3781 1075 3874 Διόπερ
1092 3791 1159 3850 εἰκό-

161 3909 218 3953 τως
246 3887 262 3944 6
282 3881 455 3962 Δημοσθένης
468 3883 550 3956 α’ντήν
568 3883 675 3964 ἔντιμον
698 3875 764 3964 ήγε,
779 3885 824 3945 καὶ
841 3883 929 3944 πολλὰ
943 3886 1012 3946 κατὰ
1024 3892 1072 3959 τῆς
1082 3888 1160 3948 δυνά-

162 4005 239 4061 μεως
259 3978 358 4052 ταύτης
378 3979 481 4062 τῐρηιιεν
511 3981 644 4060 ἐγκώμια,
665 3980 721 4062 τρὶς
742 3981 790 4060 μὲν
814 3980 875 4064 περὶ
904 3984 984 4054 αὐτῆς
1006 3984 1162 4064 ἐρωτηθεὶς,

159 4079 264 4159 τριπλᾶ
290 4073 320 4136 δὲ
344 4074 422 4143 αὐτὸς
442 4075 500 4144 δούς
518 4075 552 4136 τὰ
573 4075 723 4157 νικητήρια,
739 4076 784 4136 καλ
803 4075 917 4148 ποιήσας
935 4075 1043 4158 πρώτην
1067 4103 1096 4138 τε
1117 4081 1162 4140 καὶ

160 4171 289 4252 δευτέραν
319 4172 365 4232 καλ
388 4171 488 4254 τρίτην.
514 4176 542 4232 S.
566 4175 718 4250 Augustiu.
743 4175 833 4251 Epist.
859 4175 933 4247 til,
954 4175 989 4234 ad
1013 4176 1162 4238 Dioscou:

969 4279 1015 4359 νύ
