3178 5278
433 581 498 662 164
742 579 1091 649 ANNOTATIONES

425 775 457 821 ut
483 762 647 840 expleretur
672 763 789 836 lacuna,
815 761 911 819 addidi
941 770 995 828 τοῖς
1011 763 1089 840 quod
1114 764 1221 830 πολλοῖς
1240 764 1414 843 requirebat.

425 858 505 932 Inde,
523 857 578 916 levi
601 859 777 922 mutatione.
798 859 902 918 elicere
923 859 977 916 fuit
997 862 1050 918 τῶν
1064 867 1118 926 τοῖς
1137 860 1244 927 πολλοῖς
1258 862 1317 920 κτλ.

465 974 500 1034 V.
514 974 562 1035 23.
588 972 705 1040 Κακίας.
718 1015 745 1032 ··
780 958 947 1036 XXXX(
975 975 1004 1033 in
1018 975 1071 1034 llls.
1095 975 1266 1035 mendosum
1277 988 1341 1050 est,
1360 995 1415 1054 pro

424 1077 527 1145 κακίας.
543 1077 584 1138 cf.
600 1079 656 1136 col.
668 1078 812 1140 xxxvllt
823 1123 831 1151 ‚
844 1080 864 1136 l.
879 1080 987 1139 1.Eam
1001 1099 1102 1138 vocem
1122 1079 1152 1137 in
1174 1081 1279 1159 plurali
1293 1101 1416 1141 numero

425 1173 514 1233 habet
526 1177 645 1234 Auctor.
655 1176 798 1235 Rhetorie.
814 1196 879 1254 quae
892 1177 1011 1252 Dionys.
1024 1176 1116 1236 llalie.
1131 1177 1235 1256 fertur,
1250 1178 1301 1249 lX,
1315 1177 1347 1236 5:
1359 1175 1418 1244 Τδις

298 1323 302 1329 .
425 1269 475 1352 γὰρ
491 1271 518 1330 ἕν
538 1269 625 1350 λόγοις
639 1275 783 1354 ῥητορικοῖς
796 1272 909 1344 κακίας,
931 1271 1029 1338 ταύτας
1043 1270 1109 1344 αθτν,
1131 1271 1221 1344 ᾔίδία
1241 1271 1336 1354 ἀρετὰς
1352 1275 1418 1333 αἰνα-

428 1367 523 1450 φαίνει.

844 1546 997 1572 ‘000'—

695 1745 916 1814 COLUMNA
942 1745 1134 1814 XXXVlll.

468 1979 501 2037 V.
517 1997 541 2035 ι.
556 1974 686 2054 ᾚδεοαν.
699 2020 726 2036 ..
755 1978 891 2057 llermog.
910 1980 952 2038 De
963 1979 1077 2039 iuvent.
1088 1970 1155 2052 11‚'1
1173 1998 1180 2034 ε
1196 1979 1230 2038 El
1251 1976 1304 2058 γὰρ
1320 1977 1421 2058 ᾔδεσαν

431 2071 507 2148 (ΑΜ.
520 2071 632 2144 εἴδεσαν,
650 2074 822 2151 permutatis
835 2097 853 2154 ῃ
868 2086 897 2132 et
909 2075 964 2151 ιι),
986 2074 1035 2134 οὐκ
1049 2070 1080 2132 θν
1099 2070 1228 2146 ἔκτισαν,
1251 2072 1302 2134 ubi
1322 2072 1420 2154 ᾔδεσαν

428 2152 547 2229 ponitur
567 2171 622 2232 pro
647 2151 764 2232 ᾔδιισαν.
786 2153 832 2212 Sic
853 2153 929 2232 apud
945 2153 1119 2232 Thucydid„
1132 2154 1217 2224 Vlll,
1231 2163 1289 2226 74:
1314 2155 1357 2213 Οὐ
1369 2153 1422 2235 γὰρ

428 2245 525 2327 ᾔδεσοῖν
537 2271 580 2308 πω
594 2247 654 2316 τοθς
668 2248 851 2332 τετρακοσίους
872 2247 1009 2332 ἄρχοντας.
1034 2250 1166 2312 Formam
1181 2247 1289 2329 ᾔδεισαν
1303 2249 1423 2309 exhibet

429 2343 555 2422 Etymol.
568 2347 607 2405 lt.
628 2365 659 2424 p.
678 2346 755 2417 438,
769 2346 826 2404 52:
842 2335 961 2429 ᾞσμιν·
979 2343 1064 2405 ἰστέον
1085 2342 1127 2404 θτι
1139 2343 1194 2404 ἀπὸ
1206 2347 1253 2404 τοῦ
1265 2343 1337 2424 ᾔδειν
1351 2344 1424 2425 ᾔδεις

428 2440 501 2520 ᾔδει,
515 2439 546 2501 τὸ
560 2441 647 2502 δυῑκθν
659 2441 771 2522 ᾔδειτον,
784 2441 908 2522 ᾐδιθτην,
923 2440 969 2502 καλ
983 2440 1053 2502 κατὰ
1069 2439 1204 2521 σογκοιιῇν
1213 2444 1262 2513 τῆς
1278 2463 1301 2500 ιι
1315 2440 1423 2523 διρθόγ-

429 2561 492 2618 γον,
515 2537 562 2598 κοιλ
581 2543 667 2622 τροπῇ
687 2544 734 2600 τοῦ
755 2540 770 2599 δ
794 2542 862 2607 εἰςσ
883 2539 983 2618 γίνεται
999 2539 1093 2621 ᾔστην,
1113 2530 1175 2600 οἷον·
1191 2537 1240 2598 Τὼ
1256 2538 1279 2599 δ’
1293 2537 1335 2619 ἄρ’
1349 2537 1423 2598 οὐδὲν

428 2634 513 2716 ᾔει-ον
528 2633 594 2696 ἄλλο
606 2633 676 2710 πλὴν
688 2635 792 2698 δάκνειν
802 2637 961 2717 (Aristoph.
972 2642 1026 2700 Αν.
1038 2637 1099 2717 19),
1120 2635 1178 2696 οῖντλ
1196 2641 1243 2696 τοῦ
1256 2635 1362 2716 ᾔδεσαν·
1378 2635 1424 2696 καλ

429 2733 461 2792 τὸ
478 2732 662 2805 πληθυντικὸν·
676 2733 821 2817 Εὐριπίδης
830 2733 946 2814 Ἑκάὸῃ·
958 2737 993 2795 El
1010 2733 1039 2794 ii
1050 2732 1088 2813 μὴ
1105 2736 1222 2816 Φρυγῶν
1236 2731 1356 2814 Πύργονς
1375 2757 1426 2792 πε-

430 2827 543 2904 σόντας,
578 2821 663 2910 ᾔομεν
685 2830 852 2910 (subintell.
879 2830 1017 2905 Ἑλλήνων
1044 2831 1119 2914 δορλ,
1148 2853 1175 2891 ν.
1202 2831 1351 2908 1088-89,
1378 2831 1425 2891 ed.

431 2927 626 3004 Boissonad.),
656 2927 715 2987 ἀντὶ
743 2933 789 2988 τοῦ
815 2927 937 3010 ᾔδειμεν·
964 2926 1010 2988 καλ
1028 2931 1168 3011 Σοφοκλῆς
1181 2927 1311 3008 Κόλχοις·
1331 2926 1427 3006 Ὑμεῖς

431 3023 480 3104 μὲν
494 3025 542 3085 οὒκ
553 3022 595 3107 ἄρ’
606 3015 671 3104 ᾔστι
683 3023 728 3084 τθν
741 3025 906 3108 Προμηθέα,
922 3026 980 3085 ἀντὶ
993 3029 1041 3086 τοῦ
1053 3023 1148 3106 ᾔδειτε.
1166 3025 1311 3108 Εὐριπίδης
1323 3023 1426 3108 Ῥῇσιρ·

429 3121 495 3184 οὖδ’
506 3119 650 3205 ἀφιγμένον
670 3121 700 3182 τὸ
714 3121 828 3201 πάμπαν
842 3112 926 3202 ᾔσαν,
950 3121 1008 3182 ἀντὶ
1027 3127 1072 3183 τοῦ
1086 3121 1203 3202 ᾔδεισαν.

471 3222 504 3279 V.
517 3221 542 3278 5.
558 3218 626 3280 Καθ’
637 3217 730 3279 ἑαυτό.
742 3266 769 3280 ..
793 3222 855 3281 Ηοο
871 3221 970 3299 posui,
984 3220 1063 3300 quod
1074 3221 1106 3278 in
1126 3225 1182 3279 Ms.
1199 3232 1299 3299 aperte
1311 3219 1426 3279 indica-

432 3338 503 3396 bant
518 3337 657 3396 elementa
678 3322 950 3400 ΚΑΘΕ.7Το.

471 3447 505 3504 V.
521 3444 584 3504 5-6.
600 3447 663 3509 Τοῖς
676 3443 760 3510 θλοις.
772 3485 800 3502 ..
821 3446 857 3504 Η.
873 3464 899 3501 e.
914 3439 990 3518 δλως,
1004 3443 1035 3500 id
1046 3443 1125 3520 quod
1132 3442 1193 3520 jem
1209 3443 1383 3502 notavimus.

471 3540 604 3600 tta-10.
621 3538 662 3601 Τὸ
677 3538 820 3618 μὲν-τῶν
845 3540 1005 3619 ἀγαθῶν...
1040 3539 1127 3616 Apud
1158 3539 1295 3599 Nostrum
1320 3539 1425 3596 similia

433 3635 576 3713 reperias,
598 3636 629 3694 iu
641 3636 787 3696 Rhetoric.
804 3635 925 3713 Neapoli
943 3633 1037 3706 edita,
1049 3653 1115 3692 aun.
1134 3633 1227 3718 133⁵,
1238 3634 1294 3693 col.
1309 3634 1425 3706 XXXV,

436 3751 549 3804 12-17:
569 3730 708 3812 Σωκράτει
731 3729 822 3810 μέντοι
841 3729 866 3808 γ’
879 3731 927 3790 οὐκ
949 3728 1093 3802 ἐθοήθησεν
1113 3731 1131 3800 ᾔ
1158 3727 1257 3812 ιἰρετλ,
1281 3731 1341 3788 καθ’
1361 3727 1426 3788 ὅσον

431 3829 491 3909 οὔχλ
504 3831 603 3910 παρῆν,
616 3829 652 3895 ὡς
665 3827 710 3888 καλ
729 3825 881 3909 προήγαγεν
895 3828 931 3894 εἷς
943 3825 974 3885 τὸ
992 3823 1159 3908 δικαοτῇριον
1175 3829 1194 3896 ἡ
1211 3828 1291 3885 τινῶν
1308 3823 1427 3908 ἔλλειψις

433 3930 522 3999 αὐτῆς.
536 3927 580 3987 cf.
593 3929 705 3986 Platon.
718 3928 871 4004 Protagor.
883 3927 969 3984 Bell.
980 3925 1026 3982 ed.
1036 3923 1128 3983 Loud.
1141 3923 1229 3995 1826,
1242 3936 1262 3980 t.
1277 3924 1300 3993 l,
1315 3943 1344 4002 p.
1355 3923 1426 3984 352:

431 4026 467 4086 Τί
481 4024 530 4101 δὴ,
551 4015 574 4086 ὦ
590 4021 776 4106 Προποιγόρα;
798 4022 836 4102 μὴ
848 4024 893 4084 καλ
906 4022 948 4095 σθ,
962 4021 1052 4104 ὥσπερ
1064 4024 1088 4080 οἱ
1108 4019 1211 4093 πολλοὶ,
1228 4018 1284 4092 ἡδέ’
1296 4017 1362 4078 ἄττα
1374 4043 1428 4080 κα-

431 4127 485 4189 λεῖς
505 4122 583 4195 κακλ,
598 4121 643 4182 καὶ
658 4119 753 4204 ἀνιαρδι
768 4120 871 4200 ἀγαθλ;
890 4119 961 4198 Ἐγὼ
976 4119 1026 4200 γὰρ
1038 4117 1117 4196 λέγω.
1138 4118 1208 4178 Καθ’
1228 4116 1242 4176 θ
1261 4115 1325 4190 ἡδέα
1341 4117 1427 4189 ἐστὶν,
1550 4151 1554 4164 ·
