3194 5286
1155 608 1190 665 ci

202 764 368 850 tempore
382 751 442 849 (27
452 777 462 822 t
472 751 505 840 ),
521 755 671 847 antiqua
687 751 896 849 eloquentia
911 807 920 836 ‚
934 757 970 823 in
989 752 1065 824 dies
1081 755 1192 851 magis

201 865 389 964 despecta,
406 871 561 937 omnino
590 869 767 964 perierat:
787 865 892 960 cujus
910 868 947 937 in
968 866 1089 937 locum
1115 891 1194 938 suc·

200 984 304 1052 cessit
323 981 389 1052 alia
408 980 552 1052 dicendi
569 979 739 1067 facultas,
758 980 979 1052 intolerabili
1002 1007 1039 1052 se
1054 983 1199 1078 jactans⁴

199 1093 303 1167 fastu.
336 1100 454 1170 Attica
482 1121 584 1168 musa
613 1122 631 1167 e
661 1096 869 1168 civitatibus
897 1098 1067 1195 expulsa,
1099 1121 1193 1168 nova

199 1235 301 1282 musa
343 1235 363 1282 e
399 1211 557 1309 Pbrygiae
590 1210 773 1309 speluncis
814 1215 1024 1314 nuperrime
1068 1225 1192 1282 exorta

199 1324 390 1422 dignitates
420 1349 573 1413 omnes,
620 1326 842 1421 urbiumque
885 1327 1112 1423 magistratus
1146 1327 1192 1406 ad

199 1461 235 1508 se
266 1439 428 1536 rapiebat
450 1437 575 1534 (272);
594 1437 688 1509 adeo
712 1452 768 1524 ut,
790 1453 967 1530 caretate,
992 1439 1193 1536 Sopbrstr'cu

198 1551 291 1624 dicta
321 1551 429 1624 fuerit
459 1552 519 1622 illa
546 1551 730 1622 theatralis
760 1567 796 1622 et
827 1554 992 1648 imperita
1017 1553 1191 1650 eloquen-

197 1672 255 1737 tia.
283 1669 400 1763 Hujus
420 1666 579 1738 fautores
619 1683 654 1738 et
679 1682 874 1738 sectatores
909 1667 1190 1766 appellabantur

198 1783 367 1877 sophrstoe
398 1781 520 1880 (273),
545 1787 611 1878 qui
646 1780 756 1852 iidem
781 1780 856 1852 lere
882 1798 991 1879 atque
1022 1783 1190 1854 rhetores

197 1893 305 1968 fuisse
326 1896 507 1968 videntur.
541 1900 590 1966 Ex
620 1898 661 1965 iis
689 1897 787 1966 enim
812 1922 893 1993 quae
918 1897 965 1967 de
992 1898 1191 1995 Apollonio

196 2011 342 2085 Molone
358 2010 528 2082 feruntur
547 2009 667 2107 (274),
686 2012 868 2106 conjicere
885 2037 1079 2109 possumus
1088 2012 1185 2084 Rhe·

195 2281 305 2362 Μάγνης
320 2283 434 2364 εἴρηκεν,
449 2286 484 2349 ὡς
500 2283 551 2343 ὑπὸ
568 2286 697 2363 γυναικῶν
719 2283 736 2355 ἢ
751 2283 917 2362 κατεαγότων
936 2282 1081 2365 ἀνθρώπων
1093 2283 1190 2362 λέγοιτ’

193 2377 233 2452 ἂν,
251 2379 296 2440 καὶ
314 2378 374 2440 οὐδὲ
387 2377 486 2438 τούτων
501 2377 568 2456 μετὰ
583 2380 711 2452 σπουδῆς,
736 2380 794 2438 ἀλλ’
809 2379 853 2438 ἐπὶ
865 2381 1010 2460 χλευασμῷ
1033 2379 1079 2438 καὶ
1103 2403 1189 2442 κατα-

193 2475 295 2552 ystrum.

231 2591 315 2670 (271)
336 2593 457 2666 Cicero,
478 2605 607 2670 tempore
625 2611 699 2664 suo,
721 2593 819 2651 Rotnae
833 2590 1035 2651 Philodamum
1057 2593 1188 2651 floruisse

192 2687 293 2761 docet,
309 2689 353 2747 De
365 2687 457 2752 Finib.
474 2691 511 2761 ll,
530 2688 583 2761 353
604 2691 684 2747 Orat.
702 2689 732 2748 iu
748 2689 778 2748 L.
804 2687 902 2757 Pison.
919 2689 967 2760 28.
984 2689 1119 2765 Nostrum
1134 2709 1188 2747 au-

191 2785 303 2843 diverat
316 2785 361 2844 vel
375 2787 482 2864 legerat
496 2785 615 2860 Dionys.
629 2784 718 2844 Halic.
745 2785 795 2862 qui
822 2786 942 2844 Romam
973 2787 1071 2860 venit,
1097 2807 1187 2864 quum
1297 2816 1301 2822 ·

191 2884 285 2940 Caesar
306 2885 470 2960 Augustus,
494 2902 588 2960 nuper
617 2882 731 2940 devicto
752 2895 780 2954 et
804 2882 919 2942 sublato
934 2883 1083 2956 Antonio,
1108 2884 1187 2942 solus

192 2978 276 3038 rebus
296 2981 422 3038 romanis
445 2971 601 3059 praeesset3
622 2999 765 3056 namque,
791 2981 897 3038 omisso
927 2981 1060 3052 nomine,
1088 2980 1125 3038 ab
1151 3002 1186 3040 eo

191 3087 336 3134 mutuatus
351 3089 395 3134 est
408 3076 496 3134 verba
509 3076 677 3152 Hieronymi
694 3075 730 3134 de
746 3076 880 3134 Isocrate.
902 3075 944 3135 (If.
961 3076 1076 3136 Philod.
1099 3076 1183 3134 libet.

190 3171 223 3228 n⁰
246 3193 340 3248 1007,
364 3174 418 3233 col.
437 3172 618 3246 xvtt-x1x3
645 3171 763 3250 Dionys.
781 3173 814 3230 in
841 3174 926 3231 lsocr.
947 3172 1026 3242 Xll13
1056 3172 1128 3238 adeo
1152 3175 1191 3230 ut'

190 3290 254 3346 quae
277 3270 435 3348 Dionysius
452 3271 488 3328 de
508 3268 671 3329 oratoribus
693 3271 785 3328 aetatis
806 3289 863 3328 suae
885 3270 971 3328 tradit
986 3270 1015 3327 in
1030 3270 1184 3328 Commen-

190 3378 240 3424 tar.
255 3367 298 3425 De
313 3369 391 3426 Orat.
408 3368 541 3444 Antiql,
565 3386 598 3424 ea
626 3367 662 3424 de
686 3365 850 3425 oratoribus
869 3366 1032 3426 Philodemi
1051 3370 1184 3444 aequaevis

189 3459 309 3542 intelligi
325 3465 445 3542 possint.

228 3577 310 3658 (272)
319 3579 438 3656 Dionys.
446 3580 537 3637 llalic.
547 3581 738 3639 Commentar.
746 3580 890 3656 Derlntiq.
901 3581 980 3637 Orat.
995 3580 1021 3648 l;
1031 3578 1092 3638 Cic.
1103 3583 1182 3640 Orat.

187 3674 276 3734 Vlll:
307 3676 433 3749 «Caria,
459 3687 489 3732 et
512 3675 656 3752 Phrygia,
678 3687 707 3732 et
731 3677 842 3752 Mysia,
879 3675 958 3752 quod
983 3676 1099 3733 minime
1126 3696 1183 3754 po·
1221 3714 1223 3720 ι

185 3771 243 3830 litae
263 3773 438 3852 minimeque
452 3773 595 3850 elegantes
607 3786 683 3844 sunt,
702 3774 884 3833 adsciverunt
903 3757 1012 3850 aptunl
1027 3773 1085 3830 suis
1105 3774 1183 3831 auri-

186 3867 240 3928 bus
248 3871 379 3948 opimum
391 3870 537 3948 quoddam
549 3882 578 3929 et
588 3884 723 3948 tanquam
734 3870 846 3948 adipale
854 3871 987 3929 dictionis
998 3890 1094 3946 genus,
1108 3883 1162 3928 etc.
1171 3897 1182 3919 »ι

226 3965 308 4044 (273)
321 3969 399 4026 lnter
420 3969 560 4046 sophistas
576 3967 662 4046 liujus
678 3968 768 4026 aetatis
786 3967 907 4030 libenter
934 3965 1180 4026 annumeraverim

187 4063 316 4122 Rhodios
331 4077 360 4121 et
379 4065 499 4123 Asianos
515 4077 645 4122 oratores
659 4085 783 4142 quorum
796 4066 927 4134 memini,
940 4086 967 4142 p.
981 4061 1187 4142 xxtx-tttttt.

226 4177 310 4257 (274)
324 4179 382 4238 Cic.
400 4181 478 4240 Drut.
496 4181 566 4240 XCl.
