3174 5284
469 527 518 599 m
542 504 862 600 rmtonnuuu.
1100 529 1166 602 os

174 695 326 756 Schotmt.
344 695 376 753 in
385 693 534 773 Aphthon.
545 699 779 772 Progymnasm.:
791 691 874 752 Ἔστι
883 687 912 751 δέ
921 693 969 766 τῆς
979 691 1027 772 μέν
1038 693 1167 769 νοήσεως,

174 790 205 850 εὐ
215 793 311 862 νοῆσαι
323 791 346 848 εί
358 787 495 871 ῥητορικύν
515 787 547 848 εὐ
566 787 721 872 πρόὸλημα,
736 788 754 862 ἢ
767 787 815 867 μὴ,
824 788 870 848 καί
881 789 904 848 εἷ
918 788 1082 866 συνίσταται,
1095 789 1167 864 dod·

174 885 221 946 καὶ
230 885 283 946 ὐπὸ
294 893 370 946 ποῖον
392 875 459 952 εἶδος
476 883 523 944 καί
543 883 622 944 ποίαν
636 885 729 946 στάσιν
746 881 879 966 ἀνάγεται·
891 885 938 956 τῆς
949 881 977 943 δὲ
987 883 1126 970 εὑρέσεως,
1137 883 1169 946 τύ

175 986 259 1066 εὑρεῖν
273 981 310 1043 τὰ
326 984 363 1051 εἰς
377 980 412 1041 cd
430 981 563 1063 κεφάλαια
581 981 795 1064 ἐπιχειρήματα,
818 979 882 1062 πρὸς
897 981 996 1062 τῇτῶν
1017 981 1167 1064 κεφαλαίων

174 1077 275 1163 εὑρέσει
287 1079 328 1140 ἔτι
339 1077 387 1139 καὶ
398 1075 458 1146 τούς
470 1076 652 1157 ἐμπίπτοντας
665 1075 768 1145 τόπους.
777 1075 831 1138 Rh.
844 1097 889 1157 gr.
898 1076 1001 1154 Waln,
1014 1077 1084 1156 til,
1096 1077 1126 1160 p.
1142 1102 1167 1140 t.

597 1240 738 1262 *—

484 1351 707 1424 COLUMNA
728 1353 857 1423 XXIV.

213 1519 248 1576 V.
267 1519 332 1578 1-3.
344 1513 416 1577 Οὐδὲ
426 1515 557 1588 εὐ-τῆς
568 1509 706 1598 εὐρίσεως.
717 1557 747 1574 ..
767 1517 839 1576 Post
849 1511 882 1575 τό
894 1513 1076 1596 subintellige
1085 1517 1166 1598 up

176 1636 263 1694 μενον.
278 1597 387 1674 iterum
398 1613 550 1694 impugnat
561 1612 681 1673 Aristot.
692 1612 776 1672 Rhet
787 1613 841 1692 111,
859 1621 910 1688 τίς,
925 1614 978 1689 16,
992 1635 1039 1689 17,
1056 1636 1103 1694 19,
1114 1616 1167 1676 ubi

175 1725 318 1794 precepta
335 1712 423 1770 tradit
437 1710 627 1771 decretionis
640 1709 783 1788 partibile.

211 1826 247 1885 V.
261 1827 290 1884 3.
319 1822 499 1906 Eripiunt...
516 1823 592 1883 Nihil
616 1821 704 1881 habet
723 1820 803 1900 quod
822 1821 952 1882 offendat
970 1842 1030 1882 vox
1049 1823 1169 1907 εὑρέσεις.

174 1922 217 1980 Ea
225 1921 316 1980 utitur
329 1922 434 1980 Jonnn.
447 1919 572 1980 Siceliot.
585 1918 681 1981 Schol.
693 1919 724 1977 iu
736 1920 872 1996 Hermog.
883 1921 928 1978 De
939 1921 1060 1996 Formis,
1073 1923 1106 1981 t:
1121 1920 1170 1982 Ἐν

174 2015 285 2099 μὲνγὰρ
298 2024 356 2085 ταῖς
365 2013 476 2092 στάσεσι
486 2012 536 2088 τὴν
548 2011 658 2093 δύναμιν
674 2015 763 2074 αὐτῶν
776 2013 933 2094 (subintuli.
944 2017 997 2075 τῶν
1007 2015 1171 2100 προσάπτων)

174 2113 317 2196 διακρίνας,
331 2114 358 2171 ἐν
370 2110 399 2172 δὲ
412 2119 470 2179 ταῖς
485 2109 604 2194 εὑρέσεσι
624 2108 674 2184 τὴν
692 2113 746 2171 τῶν
757 2111 925 2193 πραγμάτων
948 2111 1035 2194 φύσιν.
1056 2115 1111 2174 lih.
1125 2133 1169 2196 gr.

175 2213 265 2270 Walz.
279 2222 300 2268 t.
314 2211 363 2282 Vl,
375 2229 404 2288 p.
417 2231 465 2286 79.
476 2209 519 2268 Cf.
532 2207 673 2286 Hermog.
689 2207 770 2268 Libr.
787 2207 848 2290 περί
863 2207 999 2288 εὖρίσεων.
1166 2213 1171 2220 “

210 2326 246 2385 V.
262 2325 347 2382 5-10.
359 2326 395 2385 Οί
417 2324 441 2381 δ’
451 2321 762 2405 ὡς-διαπεραίνοντες.
775 2363 803 2380 ..
819 2321 915 2380 Iocus
936 2321 1104 2396 lacunostts,
1121 2323 1173 2384 uhi

174 2421 205 2486 in,
217 2441 324 2500 paucos
336 2421 425 2480 incidi
437 2422 547 2480 litteras
557 2441 637 2499 quae,
652 2439 706 2500 per
715 2423 821 2479 vocans
835 2419 960 2498 spatium
973 2419 1111 2498 dispersae
1121 2441 1171 2480 ra-

173 2517 231 2576 m'us
240 2516 420 2596 apparebant
427 2518 465 2576 ad
470 2518 595 2596 regenda
604 2517 734 2594 vestigia.
742 2522 779 2576 In
787 2517 840 2576 Ms.
852 2515 892 2576 sic
903 2517 965 2574 haec
981 2515 1172 2577 exhibenturz

174 2597 1173 2734 ommcrotre..tt....toerourtrr...utt,

174 2741 327 2818 ετωε
376 2737 442 2818 κε
445 2799 546 2816 ........
550 2740 649 2819 e7o
692 2797 780 2815 .......
783 2736 882 2819 οο7
886 2796 948 2818 .....
1000 2742 1032 2819 Α
1035 2799 1094 2821 .....
1097 2740 1192 2822 07·

174 2845 1013 3005 xeo......0rt........et........i¹d......u0ut
1031 2984 1172 3007 .......

172 3047 240 3119 Quae
251 3046 404 3106 restituere
417 3059 538 3106 conatus
561 3067 639 3120 sum,
653 3045 694 3104 ita
707 3057 740 3103 ut
758 3066 824 3104 cum
849 3046 1075 3124 praecedentibus
1097 3065 1171 3106 con-

172 3155 285 3224 gruant.
301 3147 336 3206 V.
363 3166 391 3220 7,
409 3143 499 3204 verba
522 3143 552 3203 τύ
572 3141 619 3202 ὐπ’
634 3141 734 3210 εὐθείας
755 3144 834 3204 idem
858 3145 1019 3222 significare
1045 3143 1173 3216 arbitror

176 3241 256 3318 quod
277 3238 388 3299 ἀπὸτοῦ
400 3237 500 3315 εὐθέος,
511 3240 585 3298 duce
599 3241 636 3298 tt.
651 3240 788 3317 Stephon.
803 3241 889 3302 Thes.
904 3253 925 3298 t.
937 3242 965 3314 1,
976 3261 1007 3319 p.
1022 3242 1097 3300 1300
1106 3283 1116 3315 ,
1126 3241 1172 3300 ed.

179 3335 270 3409 1572:
287 3336 513 3414 «Thucydides,
528 3357 580 3396 suo
591 3356 672 3396 more
687 3337 855 3415 eloquendi
869 3337 1022 3415 generibus
1037 3358 1101 3416 quse
1112 3359 1172 3398 cte-

176 3433 244 3492 teris
256 3434 361 3493 usitato
383 3446 450 3494 sunt
473 3433 631 3508 recedens,
649 3433 723 3494 dixit
736 3433 789 3493 ἀπὸ
808 3438 855 3494 τοῦ
872 3434 958 3503 εὐθέος
973 3455 1029 3514 pro
1049 3436 1101 3497 illo
1126 3435 1175 3496 ἀπ’

177 3529 286 3606 εὐθείας,
300 3531 337 3591 de
350 3552 409 3610 quo
421 3531 509 3591 modo
521 3551 538 3590 a
554 3551 600 3590 me
614 3544 767 3591 tractamm
787 3532 843 3590 suit
848 3555 857 3605 3
871 3533 1007 3592 videlicet
1039 3551 1096 3612 pro
1122 3534 1174 3596 itto
1202 3605 1205 3612 Ι

175 3627 254 3706 quod
269 3627 306 3688 de
324 3649 456 3689 sermone
470 3629 585 3690 dicitur.
606 3631 651 3691 lta
666 3630 744 3690 enim
759 3631 808 3690 ille
825 3629 901 3690 libro
914 3631 955 3692 111
967 3629 1174 3704 ικαθέστςκεθέ

175 3722 278 3802 τύγαθύ
289 3723 342 3783 ἀπύ
350 3729 397 3784 τοῦ
409 3722 494 3792 εὐθέος
507 3723 636 3803 λεγόμενα
649 3725 731 3804 μηδὲν
746 3725 947 3809 ὐνυποπτότερα
963 3715 1032 3787 εἶναι
1051 3728 1106 3786 τῶν
1117 3749 1172 3785 κα-

176 3823 241 3897 κῶν,
251 3821 284 3881 id
297 3835 358 3896 est,
370 3823 438 3882 Sine
451 3823 633 3899 circuitione,
646 3825 713 3883 Sine
725 3825 792 3884 uilis
801 3823 961 3886 verborum
971 3824 1128 3884 involucris
1143 3836 1174 3883 et

174 3921 387 4000 integumentis.
396 3921 484 4000 Apud
495 3921 650 3982 Arrianum
657 3935 755 3982 autem
765 3924 797 3982 ἐκ
807 3919 854 3983 τοῦ
866 3921 952 3991 εὐθέος
963 3921 1106 4002 ἀντιλέγειν
1116 3941 1173 4001 pro

172 4024 238 4080 Non
255 4019 485 4096 dissimulanter,
494 4022 615 4098 Aperte,
627 4019 756 4081 Palam.»
770 4021 858 4094 Quod
870 4020 982 4080 adtinet
991 4019 1029 4078 ad
1040 4017 1113 4084 οὐδέν
1123 4017 1173 4080 ὅτι
1278 4055 1280 4060 ,

176 4118 241 4197 οὐχ,
258 4139 287 4177 ν.
301 4117 334 4192 8,
347 4117 408 4178 haec
421 4117 599 4196 interpretor
613 4117 673 4177 sive
690 4108 760 4175 nittt
780 4139 851 4190 non,
866 4119 1048 4188 sive'omm‘a,
1075 4137 1111 4176 ex
1136 4118 1172 4176 iis
