3194 5286
1076 581 1155 638 cvtt

168 748 289 846 primis
310 745 422 841 hujus
440 744 523 816 libri
546 746 725 818 columnis
749 747 927 840 conjicere
951 767 1157 845 possumus,

168 859 200 928 id
217 858 319 956 quod
341 860 387 930 de
405 861 564 958 Epicuro
584 865 729 959 scripsit
746 859 933 932 Gassendi.
947 861 1060 958 (293),
1083 885 1157 932 non

167 997 282 1046 veram
297 987 335 1044 et
346 997 554 1071 germanam
567 973 879 1063 Rhetoricam,sed
891 977 1159 1046 assentatricem

168 1100 200 1159 et
224 1086 459 1186 sophisticam
488 1088 702 1186 impugnare
727 1088 991 1160 Philodemum.
1019 1091 1157 1160 Distin-

169 1214 284 1283 ctlone
306 1212 404 1282 enim
427 1209 602 1299 adhibita,
631 1216 741 1308 τέχνην
778 1227 798 1271 ³
834 1221 1006 1310 ῥητορικαῒς
1044 1210 1160 1310 διατρι-

169 1335 233 1418 aa
249 1355 439 1408 secernere
458 1331 628 1406 videtur:
645 1339 806 1433 priorem
837 1336 1060 1433 Eloquentiae
1081 1359 1165 1434 pro-

168 1453 284 1542 desse,
309 1452 438 1521 alteras
464 1449 682 1548 plerumque
697 1452 735 1520 iu
755 1475 870 1548 nugas
887 1451 1038 1522 evadere
1061 1451 1160 1521 dicit.

171 1571 255 1656 Quae
278 1565 490 1660 conjectura
503 1589 547 1635 eo
573 1564 797 1664 probabilior
815 1581 888 1654 est,
912 1563 1015 1662 quod
1030 1567 1162 1638 Noster
1224 1646 1226 1652 ¹

171 1681 327 1752 declarat
350 1703 388 1750 se
410 1693 514 1750 antea
540 1679 727 1753 tradidisse
752 1683 886 1751 oratori
907 1694 984 1750 arte
1012 1681 1163 1750 minime

172 1819 261 1893 opus
286 1818 387 1885 esse3
419 1819 519 1865 nunc
546 1809 659 1865 artem
685 1793 845 1866 multum
865 1793 985 1866 valere
1013 1793 1163 1892 profite-

172 1924 228 1981 tur
258 1910 373 2007 (294).
410 1913 488 1981 Hoc
516 1907 737 1980 confirmant
765 1934 846 2006 quae
880 1908 980 1980 addit
1011 1908 1166 1979 irridens

173 2024 367 2123 sophistas,
383 2027 448 2120 qui
462 2026 559 2094 viros
576 2038 703 2121 suapte
717 2038 849 2095 natura
863 2025 1073 2121 eloquentes
1092 2023 1167 2093 lau·

174 2137 278 2209 dibus
304 2136 502 2210 efferebant
525 2135 638 2236 (295).
674 2137 717 2210 Id
746 2153 869 2211 tamen
896 2139 1037 2211 inficias
1066 2135 1166 2209 haud

174 2253 295 2323 iverim
340 2251 441 2324 hunc
477 2253 625 2341 docere,
669 2268 798 2351 utpote
842 2252 994 2325 decebat
1033 2257 1166 2350 Epicu-

176 2392 300 2454 reum,
344 2366 537 2438 utilitatem
580 2368 781 2439 Rhetorica
820 2370 857 2437 in
904 2391 948 2439 eo
987 2371 1166 2464 praecipue

176 2485 275 2553 sitam
299 2506 393 2569 esse,
420 2481 521 2579 quod
549 2481 683 2554 dicenti
701 2482 921 2554 adminicula
942 2481 1167 2580 suppeditet,

178 2612 215 2667 ut
244 2613 342 2668 recta
370 2599 535 2668 oratione
565 2610 690 2668 utatur
708 2596 829 2695 (296);
864 2595 962 2668 unde
981 2594 1169 2668 manifesta

177 2711 217 2782 fit
248 2717 388 2782 vanitas
417 2735 543 2783 eorum
579 2713 645 2808 qui
673 2711 888 2808 jactitabant
926 2713 1105 2783 contineri
1129 2713 1167 2779 in

178 2829 249 2898 suis
297 2826 469 2898 Diatribis
524 2842 702 2925 praecepta
737 2826 783 2897 de
821 2829 923 2897 omni
956 2839 1170 2924 argumento

180 2946 316 3038 optime
353 2940 542 3012 tractando
572 2939 689 3038 (297),
728 2966 843 3039 quum
882 2955 982 3012 tanta
1021 2939 1171 3010 facultas

180 3060 314 3128 nemini
334 3081 503 3128 concessa
519 3055 628 3128 fuerit
641 3055 754 3155 (298).

225 3178 287 3248 His
312 3178 537 3266 constitutis,
568 3180 687 3278 pergit
714 3178 758 3249 ad
777 3177 1017 3276 propositum,
1050 3171 1174 3282 sophi·

221 3460 302 3541 (293)
317 3464 359 3520 De
370 3463 436 3520 Vita
447 3463 578 3541 Epicuri,
594 3476 656 3535 etc„
670 3463 809 3539 untur,
820 3485 847 3541 o

222 3574 304 3656 (294)
318 3577 361 3635 Cf.
388 3578 550 3638 Philodami
571 3579 765 3649 Rhetorcui,
783 3580 811 3639 in
839 3579 945 3636 volum.
970 3577 1173 3638 Herculaneus.

185 3674 290 3731 0xonii
306 3675 401 3750 editis,
415 3676 582 3736 inscribitur
594 3679 738 3738 Numerus
753 3697 824 3749 1007
836 3721 844 3747 ‚
869 3677 922 3734 col.
935 3677 974 3736 ll.
1002 3675 1075 3754 (llic
1089 3672 1176 3733 liber,

185 3769 215 3826 in
229 3783 359 3832 annotat.
373 3792 438 3849 quae
453 3787 628 3851 sequuntur,
642 3775 738 3834 littera
752 3777 775 3835 C
793 3775 976 3852 designatur).

224 3884 305 3966 (295)
320 3888 359 3960 C,
374 3888 428 3947 col.
441 3891 516 3949 Vlll.

226 3982 304 4061 (296)
320 3984 410 4057 lbid.,
426 3988 483 4046 col.
494 3987 528 4046 V.

226 4079 306 4158 (297)
322 4082 411 4155 lbid.,
424 4086 535 4146 collll.

226 4177 306 4255 (298)
324 4179 413 4252 lbid.‚
432 4181 486 4238 col.
507 4182 569 4240 llll.
