3174 5284
637 576 865 648 COLUMNA
889 577 999 644 XXX.
1147 573 1188 643 61

424 791 654 876 perspectum
690 777 735 846 iri
765 780 860 854 inter
893 774 955 846 illa
989 797 1068 870 quae
1101 770 1197 843 dicta

422 943 581 1016 fuerunt.
611 947 774 1014 Fortasse
794 942 921 1039 aliquis
937 937 1133 1013 contendet
1147 937 1199 1010 fa·

423 1108 596 1180 cultatem
632 1132 698 1206 per
734 1132 845 1205 quam
885 1107 1031 1206 politice
1072 1107 1212 1176 omnia·

428 1290 464 1346 et
495 1275 691 1376 sophistica
720 1301 800 1373 quae
838 1274 898 1350 ad¹
917 1272 1080 1346 rhetores
1115 1297 1195 1372 per·

415 1436 540 1514 'tinent
573 1442 735 1513 invenire
768 1455 805 1513 et
844 1444 1045 1541 exprimere
1073 1438 1195 1525 datur,

421 1611 573 1681 omnino
594 1607 684 1679 nihil
702 1607 845 1681 honesti
866 1613 905 1680 in
925 1633 963 1682 se
979 1608 1134 1681 hahere:
1156 1613 1194 1678 in

422 1773 586 1846 medium
601 1774 755 1847 afferens
768 1775 828 1847 illa
843 1799 909 1873 per
923 1799 1003 1872 quae
1015 1779 1096 1846 vitae
1111 1773 1195 1846 sub·

421 1942 511 2014 sidia
526 1941 598 2014 'sihi
620 1956 941 2042 comparaverunt;
963 1941 1194 2041 respondebo

420 2109 478 2181 his
521 2108 607 2180 solis
646 2109 757 2181 rebus
796 2133 946 2210 operam
984 2110 1086 2184 dare»
1106 2110 1194 2182 tales
1304 2201 1307 2206 .

419 2273 611 2375 sophistas,
629 2299 750 2372 neque
767 2299 829 2346 eos
848 2275 964 2346 multa
982 2290 1194 2373 argumenta

420 2465 501 2539 quae
538 2444 759 2513 conveniunt
788 2442 1048 2539 quaestionibus
1076 2443 1196 2542 politi·

420 2614 473 2681 cis
493 2613 672 2697 invenire,
707 2619 975 2709 quatenusper
991 2615 1096 2682 Artes
1114 2609 1193 2681 fieri

346 2843 349 2850 .
418 2790 549 2876 potest.
570 2781 719 2874 'Rursus
743 2776 940 2850 contendet
964 2779 1054 2850 alter
1083 2783 1192 2850 etiam

419 2952 582 3048 egregios
620 2948 798 3047 sophistas
839 2953 878 3020 in
911 2951 1068 3048 politicis
1101 2948 1192 3020 nihii

416 3139 543 3214 posse;
585 3140 679 3212 quos
716 3115 863 3188 eosdem
897 3132 1031 3188 asseret
1069 3115 1193 3212 vulga-

420 3283 552 3356 tas-ab
586 3284 663 3355 aliis
697 3289 821 3389 Artes,
851 3284 991 3381 aliaque
1015 3282 1194 3378 ejusdem-

415 3447 516 3519 modi
532 3448 722 3520 illustrare.
751 3452 827 3546 Ego
850 3449 968 3521 dicam
986 3475 1071 3523 vera
1087 3474 1192 3547 argu·

420 3631 540 3688 menta
562 3642 681 3714 neque
702 3617 906 3716 sophistas,
932 3641 1051 3714 neque
1076 3616 1193 3716 politi·
1300 3689 1304 3692 .

417 3807 478 3854 cos
497 3784 660 3856 rhetores
677 3788 839 3857 invenire
852 3788 988 3875 omnia3
1008 3782 1070 3856 sed
1087 3784 1192 3882 plum

416 3949 484 4022 hos
506 3949 680 4024 adhibere
713 3953 821 4040 falsa,
843 3978 919 4024 non
948 3951 1007 4024 ilia
1033 3975 1113 4048 quae
1142 3949 1192 4019 vi·

418 4141 502 4190 rum
537 4119 675 4192 bonum
709 4121 753 4194 ad
779 4124 1026 4194 assensionem
1054 4133 1192 4217 pertra-
