3174 5284
462 555 689 624 COLUMNA
712 552 854 620 XXVH.
1096 551 1140 623 55

366 797 448 872 quae
474 770 705 872 pronuntiari
737 793 810 840 non
841 770 975 866 possit;
1006 768 1142 842 scilicet

368 963 452 1010 eum
472 943 538 1035 qui
550 939 711 1008 invenire
728 939 886 1026 nesciat,
903 935 1142 1008 nihilominus

367 1103 488 1176 dicere
514 1102 662 1200 posse);
687 1103 793 1171 etiam
814 1104 849 1170 si
866 1126 923 1170 res
945 1105 995 1172 se't
1011 1101 1143 1173 vilissi-

369 1294 450 1358 ma,
466 1293 537 1338 non
562 1265 801 1341 tantummodo
824 1291 932 1363 quum
960 1283 1015 1336 est
1035 1268 1142 1339 utilis.

368 1433 601 1527 Quamquam
628 1429 674 1502 ad
697 1428 862 1526 quaedam
885 1457 930 1504 eo
952 1431 1142 1531 praeditum

371 1621 448 1668 esse
469 1599 581 1668 animi
603 1589 732 1667 babitu
757 1619 822 1696 per
847 1623 956 1694 quem
983 1603 1144 1672 inventio

370 1761 449 1836 fieri
456 1767 583 1862 possit,
591 1769 713 1862 magni
725 1777 778 1834 est
787 1761 1010 1850 faciendum
1024 1782 1143 1838 tamen

372 1931 402 1999 si
423 1933 542 2026 agitur
566 1929 612 2002 de
637 1933 681 2000 iis
699 1953 780 2026 quae
811 1931 1055 2026 inspiciuntur
1082 1955 1147 2028 per

373 2119 588 2167 communes
619 2099 890 2193 perceptiones3
922 2093 1149 2167 confutaren-

373 2276 434 2332 tur
445 2260 501 2332 vel
519 2285 541 2332 a
555 2283 689 2360 puero,
709 2273 750 2330 ut
764 2262 876 2331 aiunt.
884 2262 1044 2348 Etenim,
1061 2285 1148 2358 prae-

375 2443 540 2528 terquam
558 2425 659 2526 quod
671 2426 941 2528 philosophiam
954 2425 1146 2500 sibivindi-

373 2607 566 2684 caverunt,
585 2592 701 2690 liquet
716 2615 861 2666 necesse
874 2609 953 2666 esse
965 2606 1146 2666 oratorem

375 2762 439 2858 qui
455 2771 669 2858 argumenta
692 2757 956 2857 comprehensa
980 2761 1018 2830 in
1052 2783 1149 2856 quae·

376 2934 494 3002 stione
509 2933 558 3001 ita
579 2925 777 3014 invenerit,
809 2951 1027 3026 cognoscere
1041 2930 1150 3001 simul

345 3112 586 3196 'argumenta
642 3099 839 3168 necessaria
882 3110 992 3194 atque
1047 3120 1150 3193 argu·

380 3277 501 3336 menta
537 3260 739 3362 probabilia
768 3259 940 3358 quidem,
977 3260 1039 3372 sed
1075 3287 1176 3339 non.

378 3429 577 3500 necessaria
594 3427 746 3496 {insunt
776 3427 873 3496 enim
896 3439 1062 3521 utraque.
1072 3426 1151 3498 Plu-

380 3571 513 3666 rbbum
550 3607 672 3664 autem
704 3591 806 3662 abest
844 3606 886 3663 ut
920 3593 1037 3664 sciant
1061 3596 1149 3690 quid

382 3786 446 3858 per
476 3762 675 3832 necessaria
707 3775 937 3858 argumenta,
969 3761 1058 3857 quid
1087 3789 1152 3862 per

379 3928 580 4024 probabilia
616 3925 793 4000 efficiatur
831 3929 930 4023 (etsi
971 3926 1150 4026 effingunt

382 4115 417 4179 in
448 4109 693 4182 ⁴deliberativis
743 4111 830 4181 locis
876 4110 952 4180 illas
992 4112 1147 4208 appella-
