3194 5286
500 553 725 626 COLUMNA
751 557 879 624 XXVI.
1143 553 1188 626 53

418 766 565 851 oportet
582 759 621 826 in
642 745 863 851 unaqueque
876 769 971 842 erte,
989 753 1189 826 seeundum

418 907 642 1031 diseiplinam
681 955 998 1030 unamquamque,
1027 881 1191 1031 quaedarn

417 1112 532 1180 inesse
546 1106 592 1179 de
606 1105 758 1179 infinitis
779 1123 816 1180 et
832 1108 878 1182 de
900 1107 1081 1191 definitis,
1098 1134 1193 1208 quo·

420 1307 502 1354 rum
535 1279 581 1358 de
617 1293 775 1376 utroque
809 1287 1062 1356 convenientia
1098 1284 1194 1388 iuve-

419 1462 497 1532 nire
524 1475 736 1560 argumenta
760 1463 805 1537 ad
828 1457 892 1533 eos
918 1460 1015 1534 solos
1038 1465 1195 1560 pertinet

421 1636 486 1733 qui
518 1640 554 1708 in
593 1660 814 1738 unaquaque
840 1634 990 1710 fuerunt
1024 1637 1193 1762 exerdri3

422 1812 532 1881 itaut
553 1809 599 1882 ad
627 1810 794 1886 rhetores
815 1815 1020 1910 pertineant
1042 1833 1082 1882 ee
1114 1835 1195 1908 quae

423 2001 508 2058 sunt
542 1969 745 2060 seeundum
782 1987 1017 2061 Rhetoucam
1050 1985 1197 2059 definite

422 2179 459 2235 et
491 2115 704 2241 indefinito?
736 2180 950 2267 caeterorum
986 2177 1108 2238 autem
1138 2162 1199 2234 ali·

423 2341 512 2439 quid
530 2344 600 2416 eibi
627 2365 835 2428 assumere,
867 2341 906 2414 id
927 2343 972 2414 nd
990 2345 1088 2440 ipsos
1104 2343 1199 2412 Mar·

394 2486 502 2614 'gitae
547 2519 692 2589 insaniae
737 2513 829 2588 fines
876 2514 1025 2587 accedit.
1054 2496 1199 2586 'Liceat

425 2693 536 2788 igitur
571 2667 692 2763 'finem
739 2673 940 2796 Rhetoricae
989 2693 1027 2762 in
1073 2702 1199 2788 aperto

425 2891 657 2968 proponere,
707 2873 775 2948 etsi
809 2867 988 2942 derisione
1019 2866 1198 2964 dignum:

425 3051 496 3116 Ars
553 3063 605 3116 est
657 3045 857 3117 r'rweru'endi
900 3061 936 3115 et
983 3039 1203 3139 exprimendi

427 3226 581 3294 renones
635 3225 875 3297 convenientes
901 3233 903 3240 “
925 3218 1200 3320 quibuscumque

429 3400 645 3496 argzmaeretrr
673 3397 864 3468 rhetoricis
895 3395 1056 3491 (verum
1088 3375 1200 3476 illud,

427 3572 727 3676 quibuscumque,
778 3576 828 3644 ita
893 3571 1103 3670 simpliciter
1149 3569 1202 3642 di·

423 3763 521 3821 ctum
546 3721 639 3847 opus
669 3765 722 3822 est
749 3763 791 3820 ut
819 3760 916 3818 arete
944 3749 1202 3842 restringatur5

428 3930 541 3998 immo
564 3952 662 3997 nunc
686 3951 753 3997 uos
778 3921 1045 3996 exabundanti
1071 3917 1202 3990 dixeri·

430 4123 509 4170 mus
541 4103 754 4170 sententiam
787 4097 935 4166 minime
965 4117 1040 4162 esse
1078 4091 1205 4174 talem,
