3194 5286
389 573 509 632 exitu

631 735 666 800 ι’
678 729 855 828 <britimaco
874 736 941 829 περὶ
957 743 1086 818 κονιῶν,
1106 736 1150 817 ab
1170 731 1237 802 col.

632 849 735 928 Prius
777 866 873 944 opus
915 851 1072 917 restituit
1116 861 1152 916 et
1187 846 1377 916 illustravit

628 965 752 1032 Frane.
786 945 1024 1045 insomnium¹
1048 965 1228 1057 posterius
1254 960 1373 1057 Aloys.

627 1076 829 1145 Caterinus.

329 1171 333 1180 ³
386 1171 480 1274 Aput
507 1188 1376 1286 2632.HerculanensiumVoluminun1‚quaesu-

582 1359 586 1366 .
628 1319 791 1400 pomum,
809 1309 911 1376 Tum.
928 1309 990 1375 IV.
1011 1304 1182 1401 Neapoli,
1200 1309 1237 1373 in
1263 1304 1356 1375 ror.

632 1421 675 1488 ln
696 1419 765 1490 boc
783 1421 1044 1490 continentur:

632 1546 663 1612 1⁰
693 1543 917 1638 Πολυστράτου
944 1545 1013 1640 sapi
1036 1546 1150 1639 ἀλόγου
1178 1546 1375 1638 καταφρονή-

536 1739 539 1746 ,
630 1694 716 1747 saue
735 1670 777 1739 Οἱ
794 1662 829 1736 di
847 1670 1082 1764 ἐπιγράφουσιν·
1107 1674 1189 1762 Πρὸς
1211 1669 1281 1747 τοὺς
1304 1667 1376 1734 ἀλό-

535 1865 538 1870 .
626 1818 687 1884 γνις
700 1796 1015 1886 καταθρασυνομένου
1033 1803 1095 1860 τῶν
1114 1799 1142 1864 ἐν
1164 1801 1227 1869 τοῖς
1247 1797 1374 1868 πολλοῖς

626 1907 850 2007 δοξαζομένων,
884 1918 930 1998 οἱ.
967 1915 1055 1999 cnl.;
1087 1911 1373 2009 fragmentorum

626 2023 773 2108 Tabula
792 2030 855 2117 ill.

629 2155 661 2216 2⁰
687 2145 868 2246 Φιλοδήμου
888 2155 955 2247 περὶ
974 2161 1134 2245 ῥητορικῆς
1146 2139 1278 2247 Ᾰριθριος
1297 2143 1375 2237 XC,

383 2353 564 2429 propositum
580 2371 663 2424 suum
677 2352 722 2409 his
737 2353 833 2411 verbis
851 2354 986 2430 explicat,
996 2375 1027 2430 p.
1041 2357 1131 2424 (ι’-ριν
1145 2353 1245 2429 Nuper
1256 2351 1373 2410 demum

356 2497 359 2508 ι
384 2468 469 2506 unam
481 2449 562 2526 quasi
573 2469 610 2506 ex
622 2450 885 2530 magnonaufragio
899 2443 1033 2510 tabellam
1044 2448 1250 2507 fortunanobis
1260 2449 1374 2522 retulit,

382 2541 544 2602 Philodemi
565 2543 723 2624 Epicurei,
742 2545 891 2616 Ciceronis
910 2545 1049 2624 aequalis,
1073 2544 1109 2604 de
1123 2545 1374 2604 administratione

383 2641 426 2697 rei
451 2639 599 2699 familiaris
624 2642 868 2720 disputationem,
896 2645 1011 2722 majoris
1036 2641 1133 2722 operis
1153 2644 1189 2701 de
1213 2641 1373 2701 virtutibus

383 2735 583 2814 oppositisque
596 2739 674 2796 vitiis
686 2741 872 2816 particulam,
884 2742 915 2798 in
927 2741 1083 2800 Herculani
1102 2738 1257 2806 ruderibus
1272 2759 1374 2817 reper-

384 2845 442 2892 tam
454 2873 476 2892 ..
487 2877 512 2892 ..
526 2833 690 2902 Edideruut
716 2835 791 2894 bans
811 2837 980 2896 Franciscus
1002 2837 1176 2897 ,lavaremus
1200 2848 1230 2893 et
1248 2837 1374 2896 Carolus

384 2929 630 3004 Marialiosinius,
642 2931 672 2988 in
683 2932 749 2996 Vol.
759 2933 967 2992 Herculaneus.
982 2935 1065 2992 Τοιιι.
1077 2934 1130 3004 lll,
1141 2933 1272 3011 Neapoli,
1288 2935 1373 3006 1827,

383 3029 411 3085 ei
424 3041 490 3105 post
510 3028 564 3088 hos
576 3029 695 3086 Carolus
713 3029 906 3108 Goettlingius‚
920 3051 1056 3088 unacum
1070 3029 1237 3088 Aristotelio
1253 3043 1283 3088 et
1296 3051 1371 3088 ano-

383 3126 462 3201 nymi
476 3125 660 3198 oeconomico,
674 3126 763 3200 Jenae,
785 3144 851 3184 ann.
869 3127 952 3186 1830.
972 3129 1014 3187 De
1031 3123 1229 3206 Neapolitanis
1252 3126 1371 3205 quidem

384 3219 544 3280 editoribus
570 3239 648 3280 nunc
670 3224 767 3282 dicere
793 3221 862 3282 nolo
956 3221 1109 3302 popularis
1135 3230 1232 3282 aulem
1256 3219 1372 3294 Noster,

282 3307 297 3394 μ’
383 3335 474 3394 quum
493 3319 631 3396 praeclare
657 3321 694 3379 de
711 3319 804 3379 tribus
826 3321 884 3380 illis
896 3322 1043 3399 opusculis
1063 3321 1109 3379 vel
1130 3318 1307 3380 illustrandis
1324 3320 1372 3376 vel

384 3413 570 3473 emendandis
582 3418 727 3491 nienren't,
739 3420 884 3495 permulta
898 3431 992 3479 tamen
1003 3417 1069 3478 eliis
1079 3415 1211 3477 facienda
1223 3415 1372 3492 reliquisse

382 3511 558 3588 judicandus
576 3527 636 3572 est:
657 3535 750 3592 neque
766 3514 796 3572 id
820 3516 944 3586 mirum,
968 3514 997 3571 in
1016 3514 1188 3572 Philodemo
1202 3513 1372 3592 praesertim,

385 3609 517 3685 plurimis
533 3622 562 3667 et
586 3612 717 3669 maximis
739 3611 768 3669 in
793 3630 905 3689 papyro
926 3609 1035 3668 lacunis
1057 3610 1178 3689 aliisque
1200 3608 1373 3668 mendorum

383 3704 538 3784 generibus
549 3707 650 3766 misere
664 3707 790 3780 foedato,
813 3720 877 3785 quae
890 3707 1040 3765 lectionem
1058 3707 1089 3765 in
1106 3707 1183 3764 nulla
1195 3726 1256 3765 non
1268 3707 1374 3784 pagina

382 3806 448 3881 plus
472 3805 560 3863 semel
590 3805 751 3882 impediant
775 3807 1006 3882 sententiamque
1033 3805 1184 3882 scriptoris
1206 3804 1373 3862 obscurent.

383 3903 464 3960 Hanc
485 3899 524 3958 ob
538 3920 663 3972 causam,
683 3921 771 3978 quum
787 3921 840 3958 nos
854 3913 883 3958 et
905 3900 974 3958 olim
993 3900 1126 3958 nonnihil
1146 3920 1223 3958 curae
1235 3900 1279 3958 his
1291 3898 1375 3958 libel-

383 3998 418 4054 lis
438 3995 674 4074 impenderimus,
689 4009 719 4054 ct
740 3997 797 4056 heo
819 3998 886 4074 ipso
907 4008 1038 4074 tempore
1052 3997 1091 4054 ad
1106 3997 1373 4056 lectionemeorum

383 4093 511 4150 revocati
531 4093 636 4164 simus,
653 4075 714 4150 noir
736 4091 775 4152 ab
794 4109 826 4150 re
846 4094 942 4152 visum
961 4105 1004 4152 est
1027 4093 1139 4171 aliquot
1160 4093 1376 4154 emandationis

383 4201 488 4248 nostrae
505 4201 532 4246 et
552 4190 800 4268 interpretationis
809 4190 974 4268 specimina
988 4190 1109 4267 publice
1121 4206 1295 4268 proponere.
1305 4216 1317 4240 ν
