3198 5288
376 613 413 666 VI

374 781 438 828 cus
448 755 773 850 Atheniensislaah
788 761 904 845 lsaeus,
916 757 1363 857 Demosthenismagister,

374 871 746 968 praestantissimisque
779 869 1006 968 philosophis
1039 897 1126 942 usus
1162 871 1363 947 familiaris-

348 1055 351 1063 ,
374 988 462 1055 sime
480 981 572 1078 (23);
592 983 756 1056 Eubulus
771 983 1047 1082 Anaphlystius,
1061 1003 1184 1058 orator
1198 1004 1235 1060 et
1246 990 1365 1062 dema·

373 1121 487 1196 gogus
505 1095 593 1192 (24).
611 1102 688 1168 Hoc
710 1111 854 1194 tempus
873 1100 1033 1169 virorum
1056 1101 1293 1174 incitatissimi
1311 1105 1364 1174 inss

374 1213 470 1310 genii
502 1225 685 1308 proventu
717 1212 995 1283 commendatur
1024 1219 1205 1286 memoriae
1238 1245 1246 1287 :
1279 1219 1363 1289 ideo

372 1327 596 1424 Eloquentiae
620 1325 895 1397 adolescentiam
923 1325 1034 1398 luisse
1058 1329 1157 1401 haud
1180 1333 1362 1404 immerito

373 1440 516 1512 dixeris.
594 1512 596 1517 .

420 1555 593 1627 Eamdem
614 1555 659 1625 ad
679 1580 860 1626 summum
882 1572 1089 1654 provectam
1110 1556 1292 1656 fastigium
1314 1565 1364 1631 vi-

374 1669 519 1756 demus,
540 1667 605 1740 uhi
628 1684 772 1766 tempus
791 1669 882 1740 illud
901 1673 1103 1768 attigimus,
1121 1699 1197 1770 quo
1213 1675 1364 1745 Athenae

373 1782 409 1853 et
441 1782 651 1854 Macedonia
682 1783 847 1854 mirando
878 1784 1074 1857 conflixere
1112 1787 1244 1859 duello.
1273 1793 1365 1862 Hinc

374 1896 540 1974 stabant.
569 1901 633 1994 qui
675 1900 797 1995 patriae
836 1899 1087 1997 libertatisque
1125 1905 1368 2000 patrocinium

373 2029 621 2112 susceperant,
647 2017 832 2111 Lycurgus
858 2011 963 2112 (25),
990 2016 1253 2088 Demosthenes
1275 2019 1369 2114 (26),

372 2127 571 2227 Hyperides
604 2127 794 2224 (27);12021
826 2144 1012 2227 tamquam
1042 2131 1153 2202 duces
1173 2157 1371 2230 proseque-

410 2309 473 2389 (22)
490 2311 534 2368 De
549 2329 607 2388 quo
625 2311 816 2387 contemptim
828 2311 966 2381 Quinctil.
980 2310 1045 2388 Xll,
1066 2333 1122 2370 10:
1141 2314 1236 2384 «Quis
1249 2314 1305 2371 erit
1320 2312 1369 2371 hic

372 2407 504 2467 Atticus?
516 2408 558 2466 Sit
572 2408 691 2484 Lysias:
709 2409 787 2466 hunc
804 2408 881 2466 enim
897 2409 1111 2488 amplectuntur
1126 2425 1269 2470 amatores
1287 2412 1370 2468 istius

372 2507 496 2565 nominis
517 2506 644 2565 modum.
659 2507 724 2564 Non
738 2507 827 2584 igitur
836 2505 898 2583 jam
912 2528 1005 2585 usque
1021 2507 1057 2566 ad
1066 2509 1190 2568 Coccum
1205 2522 1234 2568 et
1247 2508 1370 2570 Andoci-

372 2604 438 2661 dem
451 2605 639 2662 remittemur.
660 2631 671 2655 υ

412 2699 475 2778 (23)
493 2700 611 2776 Dionys.
632 2701 723 2759 Halic.
748 2702 811 2759 lsaei
829 2699 921 2776 judic.
949 2703 972 2758 l.
1000 2703 1042 2761 Cf.
1067 2703 1180 2761 Ruhnk.
1204 2726 1232 2782 p.
1260 2704 1369 2776 LXIV,

374 2801 588 2872 Westermann‚
606 2800 625 2857 l.
641 2801 658 2857 l.
671 2821 700 2877 p.
713 2799 813 2875 87·89.

411 2897 472 2974 (24)
491 2899 534 2956 De
547 2897 687 2968 Eubulis,
701 2897 769 2955 vide
780 2897 896 2956 Ruhnk.
911 2917 940 2975 p.
949 2896 1168 2957 va-valtl.

412 2995 473 3074 (25)
491 2995 548 3055 Adi
565 2997 682 3073 Taylor.
702 2995 827 3071 Lycurgi
841 2994 940 3052 Vitat
959 2999 1169 3066 Westermann‚
1181 2996 1200 3053 l.
1216 2995 1236 3052 l.
1254 3015 1282 3071 p.
1305 3015 1370 3052 100·

139 3125 142 3134 ·
265 3095 267 3100 ’
376 3093 439 3153 103.

411 3189 473 3269 (26)
488 3192 558 3262 cic,
575 3191 655 3248 Brut.
676 3189 729 3250 lX:
746 3215 757 3240 a
770 3189 858 3248 Plane
872 3187 989 3264 quidem
1006 3188 1175 3264 perfectum,
1186 3181 1215 3245 et
1235 3188 1281 3246 cui
1296 3187 1369 3245 nihil

371 3287 526 3346 admodum
540 3285 627 3364 desit,
640 3287 866 3345 Demosthenem
878 3285 961 3342 facile
973 3284 1090 3344 dixeris.
1105 3285 1183 3343 Nihil
1196 3299 1279 3344 acute
1289 3287 1371 3343 inve-

370 3385 427 3441 niri
441 3384 538 3460 potuit
553 3383 635 3441 ineis
650 3384 742 3441 causis
756 3403 827 3460 quas
843 3381 971 3458 scripsit,
988 3381 1071 3451 nihil,
1084 3394 1116 3439 ut
1130 3383 1171 3439 ita
1182 3381 1285 3455 dicam,
1299 3382 1371 3440 sub-

370 3479 447 3559 dole,
462 3479 532 3537 nihil
547 3493 674 3557 versute,
691 3479 770 3558 quod
782 3479 830 3536 ille
845 3498 905 3536 non
917 3477 1040 3549 viderit,
1055 3477 1126 3535 nihil
1142 3477 1289 3537 subtiliter
1300 3480 1370 3556 dici,

370 3577 443 3634 nihil
461 3597 571 3657 presse,
586 3579 658 3636 nihil
680 3578 840 3648 enucleate,
854 3595 914 3651 quo
927 3575 989 3631 fieri
1002 3576 1095 3651 possit
1108 3575 1217 3653 aliquid
1229 3577 1368 3636 limatius:

370 3674 442 3732 nihil
453 3689 554 3735 contra
568 3675 688 3754 grande,
706 3674 780 3733 nihil
794 3673 958 3750 incitatum,
974 3670 1047 3728 nihil
1062 3684 1198 3731 ornatum
1210 3673 1257 3732 vel
1269 3675 1370 3734 verbo·

369 3791 434 3829 rum
450 3773 600 3848 gravitate,
614 3772 659 3830 vel
671 3770 891 3844 sententiarum,
905 3787 966 3844 quo
978 3766 1138 3844 quidquam
1149 3782 1225 3827 esset
1234 3771 1345 3829 elatius.
1357 3797 1370 3824 a

369 3867 413 3928 Cf.
432 3870 512 3926 Orat.
526 3869 577 3927 Vll
585 3889 592 3938 3
610 3869 730 3942 Dionys.
754 3864 846 3923 Halic.
860 3863 903 3920 De
915 3861 1085 3920 admiranda
1098 3863 1128 3920 vi
1141 3862 1258 3923 dicendi
1275 3867 1305 3924 in
1317 3868 1371 3924 De·

374 3964 542 4044 mosthene,
555 3967 764 4034 Westermann‚
778 3963 796 4018 1.
809 3961 827 4017 Ι.
841 3979 870 4038 p.
888 3959 1031 4017 103-113.

413 4066 473 4144 (27)
495 4067 539 4124 De
562 4061 710 4142 Hyperide
729 4061 796 4118 vide
815 4058 960 4120 Plutarch.
983 4059 1103 4118 XOrat.
1122 4060 1156 4118 T.
1171 4061 1221 4132 lx,
1242 4081 1270 4140 p.
1296 4065 1370 4134 372-

372 4164 444 4234 378,
468 4163 511 4221 ed.
536 4163 644 4233 Reislr.;
670 4158 808 4230 Photius,
835 4155 908 4214 Biht.
947 4154 1019 4215 cod.
1042 4155 1193 4228 CCLXVl;
1215 4159 1317 4216 Suidas
1341 4180 1370 4215 v.

369 4255 518 4339 Ὑπερίδης,
530 4259 679 4317 lluhnlren.
687 4253 918 4332 p.Ltht·LXXt;
928 4253 1160 4326 Westermannd.
1169 4253 1187 4310 l.
1196 4274 1223 4331 p.
1234 4257 1367 4332 ιι9-ι23,
