3194 5286
1130 524 1179 578 ct·

184 681 227 738 ut
262 665 328 763 qni
365 666 485 738 bonos
524 671 618 738 cives
656 667 845 738 calumniis
882 667 1033 765 perdere
1074 695 1180 740 cona·

184 795 316 851 rentur
340 779 480 876 (283),
506 783 728 878 minimeque
750 780 950 851 audiendos
986 806 1062 853 esse
1092 782 1180 854 dicit
1260 767 1264 776 ¹

185 919 248 965 eos
272 896 349 992 qui,
372 911 414 966 ut
451 894 577 965 fucum
610 893 788 982 facerent,
815 895 1027 990 jactitabant
1059 897 1181 968 colen·

185 1008 269 1080 dam
297 1024 463 1082 accurate
489 1009 750 1099 Rhetoricam3
788 1011 871 1082 ideo
894 1010 992 1108 quod
1015 1015 1180 1110 ingentes

186 1125 328 1196 divitias
353 1125 522 1222 sophistae
550 1124 618 1196 sibi
642 1125 914 1222 comparabant.
945 1132 1064 1198 Immo
1090 1130 1181 1223 ejus-

187 1239 288 1309 modi
302 1241 474 1336 pecunias
491 1264 564 1310 non
582 1242 704 1310 minus
728 1240 951 1338 respuendas
967 1265 1043 1312 esse
1059 1259 1180 1313 censet

186 1378 295 1450 quam
319 1352 569 1426 fraudatorum
593 1371 629 1426 et
653 1360 883 1426 meretricum
903 1372 1077 1453 quaestus,
1098 1384 1181 1456 pau·

185 1482 436 1565 pertatemque
446 1469 578 1568 opibus
586 1495 652 1567 per
660 1470 853 1541 tales'artes
868 1476 1048 1567 congestis
1062 1473 1180 1542 multo

185 1587 296 1678 magis
313 1587 605 1680 anteponendam
632 1585 745 1680 (284).
766 1590 954 1670 Praeterea,
985 1611 1041 1656 ars
1064 1587 1181 1657 rheto

185 1725 285 1785 rum,
303 1701 482 1796 quaeJusti
502 1715 539 1770 et
557 1701 708 1770 Honesti
723 1704 892 1770 notiones
911 1725 984 1770 nou
1005 1700 1180 1787 tradebat,

184 1816 220 1883 in
239 1838 346 1884 causa
364 1827 440 1885 erat
455 1839 520 1885 cur
538 1817 575 1883 in
598 1813 741 1907 judiciis
765 1829 801 1884 et
820 1814 1060 1886 concionibus
1076 1816 1178 1912 plura

185 1929 389 2001 acciderent
400 1927 583 2026 naufragia
598 1953 709 2025 quam
720 1928 817 2027 apud
830 1929 1057 2027 Caphereum
1066 1929 1179 2026 (285):

186 2043 286 2114 unde
314 2042 450 2139 colligit
471 2066 616 2114 necesse
641 2066 718 2114 esse
751 2067 833 2114 eum
864 2046 926 2140 qui
960 2043 1081 2116 bonus
1116 2070 1180 2143 po·

190 2159 309 2228 liticus
354 2157 505 2229 evadere
555 2156 675 2228 studet
695 2193 727 2242 ,·
763 2157 900 2231 habere
946 2163 1179 2256 aequitatem,

188 2275 467 2372 benignitatem,
485 2273 683 2345 asseotuum
710 2275 993 2365 moderationes,
1024 2275 1180 2372 pruden-

186 2391 290 2475 tiam,
315 2403 425 2486 atque
444 2393 481 2458 iu
496 2413 540 2458 eo
554 2389 762 2486 conspirare
784 2404 965 2475 naturam,
984 2390 1178 2460 institutio

185 2529 281 2591 nem,
292 2503 473 2574 solertiam
483 2501 596 2597 (286).
612 2507 647 2573 Si
661 2507 742 2598 quis
757 2507 808 2572 sic
821 2501 931 2573 fuerit
945 2507 1179 2599 compositus,

184 2643 267 2689 eum
291 2617 379 2688 nibil
408 2616 611 2688 movebunt
636 2616 798 2688 rhetores
840 2617 937 2711 justa
965 2617 1022 2687 vel
1046 2618 1179 2712 injusta

186 2757 227 2802 ex
253 2735 430 2829 opinione
447 2733 546 2828 vulgi
561 2730 793 2819 definientes,
811 2733 1015 2828 acriterque
1028 2745 1179 2802 conten-

186 2845 311 2916 dentes
332 2845 535 2916 civitatibus
555 2844 849 2916 administrandis
868 2845 1107 2944 philosophos
1125 2871 1182 2916 ne·

187 2985 371 3056 quaquam
390 2985 465 3032 esse
481 2960 632 3030 idoneos
649 2958 761 3056 (287).

234 3081 324 3148 Rem
343 3078 393 3148 ita
411 3101 449 3148 se
469 3075 604 3146 babere
620 3075 873 3146 demonstrant
890 3099 970 3170 quae
986 3073 1097 3145 efficit
1116 3100 1179 3170 po-

224 3355 356 3436 (sames.
369 3357 532 3417 Philodemi
543 3357 663 3418 Rhetor.
676 3357 797 3434 Neapoli
818 3355 924 3412 editam
933 3373 1008 3411 anno
1024 3351 1110 3418 1835,
1125 3353 1178 3410 col.

186 3453 218 3510 V.
244 3454 317 3532 (llic
333 3455 423 3530 liber,
437 3456 468 3513 iu
480 3467 609 3514 annotat.
624 3475 689 3532 quae
703 3465 872 3530 sequuntur,
890 3451 985 3508 littera
1003 3452 1026 3508 B
1045 3448 1179 3526 designa-

188 3551 254 3629 tur.)

226 3647 308 3726 (²84)
323 3647 396 3708 lbid.
414 3650 467 3706 col.
483 3649 532 3710 vl.
612 3643 619 3704 ἲ

225 3745 306 3824 (285)
331 3745 405 3806 lbid.
428 3747 483 3805 col.
497 3746 585 3805 XXV.
600 3745 717 3804 tutudit
741 3742 778 3801 ad
807 3741 923 3800 Euboeae
938 3739 1180 3817 promontorium,

188 3841 223 3899 de
244 3862 304 3920 quo
322 3843 357 3900 cf.
381 3844 481 3921 virgil.
502 3842 618 3904 AEueid.
634 3844 686 3915 Xl,
708 3862 734 3899 v.
757 3841 905 3908 256-260;
923 3839 1055 3916 Propert.
1067 3834 1116 3896 lib.
1129 3835 1182 3909 lll,

187 3938 266 4016 Eleg.
278 3941 340 4014 Vll,
356 3961 384 3996 v.
400 3941 512 4016 39·!t⁰3
528 3939 659 4016 Walpole
683 3938 812 4007 'l'ravels,
832 3955 861 4013 p.
877 3935 949 4007 286,
964 3948 1018 3992 etc.

226 4034 305 4113 (286)
323 4036 357 4110 A,
370 4037 427 4097 col.
438 4037 488 4096 XV
501 4050 529 4095 et
539 4036 614 4097 XVI.

226 4131 307 4211 (287)
325 4136 362 4206 B,
377 4135 432 4192 col.
449 4134 514 4195 XlV
528 4146 555 4191 et
570 4133 642 4190 XVI.
