3194 5286
402 477 463 534 CVI

401 625 497 695 litica
523 623 685 694 facultas.
715 629 797 698 Haec
815 633 932 714 enim,
953 651 1019 728 per
1041 651 1079 700 se
1109 627 1259 698 minime
1283 626 1406 712 utilis,

402 761 485 808 cnm
500 735 690 808 honestate
705 751 759 810 est
774 739 1048 837 conjungenda,
1067 753 1109 812 ut
1124 740 1239 811 multa
1258 753 1295 810 et
1322 765 1404 810 ma·

402 875 473 949 gna
492 850 658 922 conferre
675 866 796 948 queat.
813 854 924 943 Quod
938 854 1081 951 assequi
1093 876 1281 950 nunquam
1296 867 1404 950 pote-

401 969 532 1056 rimus,
551 967 619 1036 nisi
632 969 670 1036 in
689 965 929 1061 dijudicandis
945 968 1052 1064 justis
1066 967 1121 1038 vel
1144 966 1306 1062 injustis,
1329 965 1403 1034 bo·

402 1083 513 1152 nestis
529 1079 585 1149 vel
604 1079 785 1177 turpibus,
798 1081 951 1152 utilibus
963 1081 1021 1153 vel
1040 1079 1251 1169 inutilibus,
1265 1103 1286 1150 a
1300 1080 1403 1174 vulgi

402 1194 577 1289 opinione
593 1192 819 1266 discedamus
832 1194 955 1292 (288).·

450 1310 570 1379 Duces
597 1310 708 1404 igitur
736 1311 844 1406 eligat
870 1313 924 1379 vir
958 1310 1127 1406 politicus
1159 1305 1402 1404 philosophos

403 1423 493 1494 adeo
540 1439 702 1496 amantes
747 1427 933 1521 veritatis,
972 1439 1015 1496 ut
1053 1425 1227 1521 privatam
1270 1421 1403 1492 utilita-

404 1552 477 1608 tem
511 1539 698 1609 communi
726 1537 828 1610 bono
856 1538 1100 1637 posthabeant
1124 1564 1131 1606 :
1159 1559 1180 1606 a
1208 1559 1246 1606 se
1268 1535 1401 1632 procul

403 1667 566 1724 amoveat
602 1653 765 1725 rhetores
807 1653 897 1724 nihil
932 1653 978 1726 ad
1022 1657 1211 1724 veritatem
1247 1649 1402 1746 loquen-

406 1781 482 1851 tes,
523 1765 613 1837 dum
649 1791 737 1864 opes
781 1767 1014 1864 honoresque
1053 1765 1244 1838 obtineant
1270 1763 1398 1860 (289).

405 1884 488 1969 Quo
536 1881 646 1952 modo
694 1883 789 1954 enim
833 1882 1033 1980 quidquam
1080 1885 1117 1951 in
1161 1877 1401 1950 concionibus

335 1990 337 1994 ’
405 1993 561 2092 publicis
596 2011 660 2066 aut
697 1999 735 2066 in
765 1997 910 2092 judiciis
955 2011 1054 2068 recte
1089 1995 1206 2066 lacere
1250 2009 1401 2092 possent

405 2109 576 2207 sophistes
608 2110 744 2207 quibus
764 2114 945 2210 praecipua
971 2136 1058 2182 cura
1080 2125 1152 2198 est,
1173 2131 1221 2181 ne
1254 2107 1401 2180 dicendi

405 2222 522 2296 forma
545 2223 732 2328 audientes
756 2224 946 2300 offendant
963 2225 1088 2324 (290),
1109 2224 1401 2320 conjunctiones-

405 2363 477 2435 que
499 2353 536 2409 et
569 2343 692 2410 omnia
722 2345 897 2412 orationis
933 2353 1148 2412 ornamenta
1186 2351 1322 2410 attente
1341 2361 1398 2406 se-

406 2467 569 2542 ctantur,
587 2479 710 2526 rerum
729 2480 859 2553 parum
883 2455 1035 2527 studiosi
1049 2453 1163 2552 (²91l
1184 2455 1257 2542 Qui
1278 2465 1396 2521 autem

406 2567 646 2664 philosophiae
664 2569 862 2660 incumbit,
881 2575 912 2641 is
933 2571 1169 2666 consequitur
1182 2590 1259 2636 non
1279 2565 1400 2634 solum

405 2680 613 2754 facultatem
652 2681 803 2754 honesta
832 2699 869 2754 et
901 2686 1006 2756 utilia
1035 2678 1301 2781 persuadendi3
1337 2677 1398 2748 sed

300 2823 301 2828 ¹
406 2801 513 2866 etiam
532 2821 639 2866 usum
660 2800 826 2868 omnium
844 2823 987 2885 rerum,
1006 2821 1088 2894 quae
1104 2794 1150 2867 ad
1169 2793 1264 2865 bene
1281 2795 1401 2861 viven-

406 2909 493 2979 dum
513 2909 707 2982 conferunt
726 2910 839 3008 (292).

454 3029 536 3096 Haec
554 3050 675 3124 sparsa
691 3050 755 3124 per
770 3024 845 3096 duo
859 3025 1044 3096 volumina
1062 3023 1207 3120 collegi,
1224 3036 1267 3092 ut
1282 3045 1399 3092 unum

407 3141 518 3210 veluti
533 3140 603 3210 sub
622 3156 807 3238 aspectum
826 3143 1004 3211 venirent.
1028 3139 1198 3209 Similiter
1218 3135 1399 3232 sophistas

406 3266 518 3334 aetatis
543 3289 614 3334 suae
640 3269 772 3337 Noster
793 3266 922 3362 carpit,
954 3269 1075 3334 minus
1104 3259 1250 3358 quidem
1274 3268 1399 3354 φιλοσο-

406 3399 519 3477 φικῶς,
543 3391 655 3482 magis
690 3412 775 3458 vero
798 3399 967 3484 τεχνικῶς,
996 3391 1033 3457 in
1051 3385 1147 3458 libro
1171 3407 1280 3480 quem
1299 3405 1399 3451 nunc

410 3497 546 3596 publici
570 3501 660 3595 juris
685 3500 788 3574 facio.
812 3506 888 3575 Nisi
912 3527 990 3573 mea
1015 3525 1074 3573 me
1096 3499 1187 3571 fallit
1210 3497 1358 3596 opinio,
1381 3520 1400 3564 e

448 3699 530 3779 (288)
548 3703 587 3773 B,
600 3701 865 3763 cot.XX·va111.

447 3797 528 3877 (²89)
543 3797 630 3870 ibid,
643 3800 697 3856 col.
710 3799 763 3859 Vll
780 3813 809 3856 et
821 3797 897 3859 Vlll.

447 3895 529 3974 (290)
546 3901 584 3966 Α,
596 3896 650 3954 col.
670 3896 703 3953 V.

447 3992 527 4070 (291)
545 3991 631 4066 lbitl.,
643 4005 671 4049 et
683 3993 736 4050 cul.
749 3990 798 4052 Vl.

448 4087 529 4171 (292)
546 4088 578 4162 B,
593 4089 647 4146 col.
663 4087 779 4176 Xllel.
