3194 5286
365 550 485 608 XCVIII

364 697 505 766 maticis
532 691 641 770 rebus
663 689 738 762 fere
764 690 921 775 nullam,
950 688 1099 758 multam
1122 697 1244 754 autem
1266 679 1361 752 Rhe-

365 811 487 882 toricae
505 831 651 906 operam
669 803 879 878 tribuebant
894 801 1097 876 Academici
1119 815 1155 871 et
1170 803 1361 898 Epicurei,

366 1031 464 1113 ἄνδρα,
486 1027 545 1095 τοὺς
566 1027 659 1108 λόγους
677 1028 757 1087 αὐτοῦ
779 1024 938 1099 διελθόντες,
966 1021 1133 1102 ἐπέγνωμεν,
1154 1017 1361 1102 μεγαλοπρεπής

365 1147 394 1186 τε
415 1124 460 1186 καί
480 1121 682 1204 γνωμολογικός·
701 1120 798 1202 καὶτῷ
815 1119 865 1200 μέν
887 1118 1025 1198 τοῦλόγου
1041 1116 1146 1198 μεγέθει
1162 1114 1208 1177 καί
1223 1114 1364 1195 ἀξιώματι,

367 1223 521 1283 τῶνᾶλλων
539 1223 639 1302 μᾶλλον
658 1218 814 1301 χαίρων...
828 1216 884 1278 .Τδ
900 1215 950 1298 μὲν
970 1215 1021 1289 uuo
1043 1215 1090 1276 καὶ
1111 1217 1229 1290 κηλοῦν,
1248 1211 1295 1273 καί
1314 1209 1364 1286 τῆν

367 1317 454 1403 ψυχὴν
470 1317 574 1398 διαχέαν
582 1353 592 1391 ,ι
603 1316 751 1389 λεληθότως
765 1314 797 1374 δι’
809 1312 872 1374 ὅλου
883 1312 1055 1396 κατασπείρει
1070 1317 1115 1372 τοῦ
1136 1310 1308 1394 γράμματος·
1328 1311 1365 1375 εἷς

369 1413 467 1499 τροπὴν
489 1414 517 1474 δὲ
536 1412 581 1473 ὀτε
600 1415 660 1486 (alii
677 1410 728 1492 ότι)
742 1409 955 1491 παρενήνεκται,
975 1407 1098 1489 οὐδεμίαν
1120 1406 1208 1483 λόπην
1234 1408 1365 1480 δηλοῦσαν

368 1513 471 1597 ὀρίησι.
485 1513 562 1571 Ποιεῑ
577 1507 604 1570 δὲ
618 1513 690 1592 αὐτῷ
702 1514 779 1570 τοῦτο
791 1505 923 1586 μάλιστα,
936 1505 995 1587 οόχλ
1009 1511 1026 1579 ἡ
1041 1509 1094 1567 τῶν
1106 1503 1200 1574 λέξεων
1221 1501 1287 1574 αὐτῆ
1306 1506 1366 1562 καθ’

369 1607 464 1681 ἑαυτὴν
480 1605 632 1686 μεταὸολὴ,
654 1604 713 1666 ἀλλ’
725 1609 744 1677 ἡ
757 1603 809 1663 ἀπὸ
829 1601 993 1685 πραγμάτων
1008 1601 1104 1684 ἑτέρων
1125 1603 1162 1669 εἰς
1173 1600 1271 1684 ἔτερα,
1298 1598 1367 1676 μετά

369 1729 438 1772 τινος
452 1708 534 1786 σοφῆς
547 1703 593 1762 καί
614 1701 745 1784 ἠρεμαίας
765 1701 990 1785 μεταχειρίσεως,
1010 1699 1158 1781 μιτοίὸασίς
1171 1723 1200 1760 τε
1218 1697 1265 1760 καὶ
1284 1723 1368 1779 μετα-

369 1801 465 1884 τροπῆ.
481 1798 560 1861 'Aue
577 1799 627 1882 γὰρ
641 1799 686 1860 καὶ
704 1799 854 1860 άντιλαόεῖν
875 1799 923 1880 μέν
943 1798 1027 1878 ὄνομα
1042 1797 1180 1880 ῥήματος,
1206 1798 1320 1878 ἀμεῖψαι
1339 1793 1369 1856 δὲ

370 1897 400 1960 τδ
415 1903 487 1980 ῥῆμα
503 1899 540 1966 εἷς
553 1897 650 1976 ὄνομα·
672 1894 718 1958 καὶ
731 1901 810 1958 λῶσαι
831 1895 879 1976 μέν
893 1895 976 1966 λέξεις
988 1899 1024 1964 εἰς
1037 1895 1148 1976 λόγους,
1168 1903 1326 1976 συναγαγεῖν
1340 1893 1370 1956 δὲ

374 1995 453 2075 λόγον
469 1997 504 2062 εἷς
514 1993 597 2055 τόπον
610 1993 752 2073 ὀνόματος,
772 1993 874 2062 οὐδενὸς
898 1991 1138 2075 ἀνεπιτηδειότερος
1153 1983 1190 2052 ὧν
1205 1991 1292 2071 ἐσμεν.
1315 1991 1371 2054 Καὶ

373 2089 493 2166 ζηλωτὴς
515 2090 562 2170 μέν
575 2094 632 2152 ἐστι
652 2089 831 2166 Θουκυδίδου,
851 2089 879 2150 ἐν
891 2095 966 2172 τετῆ
986 2093 1039 2150 τῶν
1058 2091 1229 2173 δημηγοριῶν
1241 2091 1369 2170 διασκευῇ

374 2189 420 2249 καί
435 2187 573 2271 δαψιλείᾳ·
587 2190 626 2268 τῷ
644 2186 776 2269 μεγαλείῳ
789 2184 817 2246 δὲ
837 2185 875 2266 μῆ
893 2186 1049 2268 δευτερεύων
1069 2194 1116 2248 τοῦ
1135 2185 1224 2268 λόγου,
1240 2190 1279 2268 τῷ
1291 2195 1371 2268 σαφεῖ

375 2281 532 2368 παρελαύνει
545 2281 589 2342 τδν
607 2282 699 2364 ἄνδρα.
712 2281 792 2342 Ἀλλὰ
805 2281 856 2366 γὰρ
869 2285 884 2344 ὁ
896 2280 943 2362 μέν
954 2281 1021 2363 ἀνὴρ
1035 2287 1157 2358 τοιοῦτος,
1164 2281 1211 2342 καὶ
1219 2281 1250 2341 τδ
1258 2279 1311 2341 ἀπδ
1322 2285 1372 2353 τῆς

375 2383 564 2463 γραμματικῆς
585 2376 654 2460 ἔχων
675 2376 759 2446 κλέος.
780 2381 816 2439 Εἰ
842 2377 870 2438 δέ
890 2377 937 2438 καί
953 2377 984 2440 τὸ
1003 2381 1051 2450 τῆς
1072 2381 1212 2460 ῥητορικῆς
1233 2375 1371 2456 ἐπώνυμον

375 2480 448 2560 αὐτῷ
464 2476 535 2555 ἡμὴ
554 2475 672 2558 νῆφουσα
692 2477 779 2559 ῥῆρος
797 2477 845 2536 οὗιι
866 2476 990 2536 ἐπέθετο·
1007 2474 1074 2536 ἀλλδι
1110 2474 1163 2558 γδιρ
1189 2475 1279 2555 ἔμοιγε
1301 2471 1373 2536 δοκεῖ

377 2575 448 2636 οὐδὲν
463 2575 577 2635 ἐλάττων
593 2578 645 2634 τῶν
665 2577 874 2656 γραμματικῶν,
894 2577 924 2634 οὖ
946 2572 1094 2658 δεότεροςῆ
1112 2578 1166 2634 τῶν
1184 2574 1319 2657 ῥητόρων,
1338 2574 1372 2633 δι’

377 2664 413 2731 ῶν
428 2671 473 2731 καί
489 2670 606 2731 διδάσκει
617 2669 663 2730 καὶ
676 2668 781 2752 γράφει,
797 2670 1014 2754 καταφαίνεσθαι.
1029 2673 1140 2732 Similia
1154 2672 1191 2729 de
1200 2670 1373 2748 Thucydide

378 2769 490 2848 praebet
504 2769 624 2845 Dionys,
638 2769 728 2828 Halic.
744 2770 769 2828 T
771 2768 875 2846 hucyd.
887 2768 952 2845 jud.
969 2769 1060 2830 XXIV
1076 2793 1082 2829 :
1097 2768 1144 2830 καὶ
1157 2765 1216 2828 τοτὲ
1229 2766 1277 2847 μὲν
1293 2766 1372 2848 λόγον

379 2863 406 2935 ἐξ
419 2863 546 2942 ὀνόματος
558 2866 656 2940 ποιῶν,
669 2862 729 2923 τοτὲ
750 2863 773 2922 δ’
786 2869 825 2932 εἰς
842 2863 928 2944 ὄνομα
951 2865 1070 2944 συνάγων
1095 2865 1139 2924 τὸν
1157 2863 1245 2945 λόγον·
1265 2864 1311 2924 καὶ
1329 2869 1375 2923 νῶν

380 2961 427 3040 μὲν
439 2959 469 3021 τδ
482 2959 626 3041 ῥηματικὸν
640 2962 804 3038 ὀνοματικῶς
814 2960 940 3044 ἐκφέρων,
952 2953 1023 3030 αόθις
1034 2961 1062 3022 δέ
1073 2960 1188 3040 τοῦνομα
1200 2965 1273 3044 ῥῆμα
1283 2963 1374 3020 ποιῶν.

379 3059 423 3118 ef.
440 3057 530 3136 Epist.
548 3059 575 3117 Il
596 3055 632 3115 ad
658 3061 836 3133 Ammaeum,
862 3059 937 3136 §II,
964 3058 1017 3118 ubi
1037 3078 1093 3139 pro
1114 3059 1229 3136 vulgata
1251 3057 1376 3118 lectione

381 3158 571 3232 ὀνομαστικῶς,
597 3156 683 3233 posui
703 3156 874 3234 ὀνοματικῶς.
889 3157 977 3218 Aliud
995 3157 1073 3216 enim
1093 3152 1281 3236 ὀνομαστικός,
1297 3156 1376 3216 aliud

382 3249 551 3329 ὀνοματικόςε
576 3250 647 3307 illud
664 3250 770 3310 dicitur
789 3251 826 3310 de
848 3273 917 3311 casu
941 3267 1036 3326 recto,
1053 3254 1110 3312 hoo
1129 3254 1165 3312 de
1187 3265 1267 3312 certa
1286 3252 1377 3310 classe

382 3348 532 3406 nominum
544 3368 552 3418 ;
569 3347 704 3406 Sehaefer.
723 3348 768 3407 ad.
782 3349 902 3426 Gregor.
916 3351 1046 3412 Corinth.
1061 3371 1090 3428 p.
1102 3351 1179 3426 6983
1195 3349 1328 3426 Sylburg.
1341 3349 1378 3406 ad

385 3444 507 3522 Dionys.
522 3443 612 3504 Halic.
625 3444 662 3503 de
675 3447 811 3525 Compos.
823 3446 945 3506 verbor.
957 3467 1021 3526 cap.
1034 3449 1072 3523 II,
1084 3469 1114 3526 p.
1134 3467 1186 3520 οε,
1205 3447 1251 3504 ed.
1274 3443 1378 3504 schaef.

386 3543 520 3616 Ernesti„
537 3541 630 3602 Lexic.
645 3544 670 3602 T
671 3543 784 3603 echnol.
795 3564 836 3622 gr.
850 3544 903 3604 Rh.
926 3565 955 3624 p.
976 3546 1142 3619 231,docet
1155 3541 1224 3611 λέξιν
1238 3544 1380 3620 ὀνομαστι-

385 3637 434 3712 κήν
455 3639 522 3718 (leg.
536 3639 707 3719 ὀνοματικῆν)
727 3641 786 3700 dici
800 3641 838 3700 de
854 3641 951 3702 verbis
962 3662 1027 3723 quae
1047 3640 1219 3722 participIIs,
1232 3641 1381 3720 pronomi-

385 3735 472 3794 nibus
486 3749 539 3797 etc.
563 3737 774 3807 conficiuntur,
790 3735 838 3810 τλν
857 3738 910 3798 ἀπὸ
924 3741 977 3798 τῶν
992 3736 1120 3820 ῥημάτων
1140 3738 1177 3804 εἷς
1192 3735 1311 3816 ὀνόματα
1327 3761 1380 3796 πε·

385 3829 546 3911 ποιημένην,
564 3833 734 3894 vocabulaa
753 3833 870 3893 nomine
883 3835 932 3895 vel
952 3835 1045 3896 verbo
1059 3836 1144 3913 flexa,
1159 3836 1291 3914 adeoque
1304 3855 1379 3911 quo-

386 3930 540 3988 dammodo
555 3951 630 3990 πονο
650 3943 679 3992 et
696 3930 858 3992 insolentie.
875 3933 947 3993 Rem
958 3934 1097 4012 exemplis
1112 3933 1248 4012 explanat
1260 3933 1380 4008 Dionys.

387 4028 476 4086 Ilalic.
491 4028 583 4107 Epist.
594 4029 631 4099 11,
646 4027 681 4088 ad
697 4030 872 4102 mulinum,
892 4030 1014 4102 §v-vl.
1107 4049 1110 4056 ’

427 4124 511 4194 Quod
525 4124 635 4183 adtinet
650 4126 685 4184 ad
699 4127 779 4185 λῦσαι
793 4122 841 4204 μίν
855 4123 937 4195 λέξεις
951 4128 986 4194 είς
1007 4126 1107 4208 λόγους,
1122 4133 1279 4206 συναγαγεῖν
1292 4123 1320 4182 δέ
1335 4123 1380 4184 λό
