3198 5288
1086 589 1160 646 XIX

170 725 454 800 Menesaechmns
463 723 553 822 (54),
562 727 1060 853 Democles(55),Gallinrates
1070 733 1162 832 (56),

170 1031 213 1089 ρον
227 1005 407 1082 ἀναμνησθῶ,
428 992 485 1061 εἶτα
499 1001 557 1080 μετ’
569 1001 661 1081 όλίγα,
677 1001 767 1086 ὥσπερ
786 1005 961 1082 ἀναμνησθείς
976 1005 1056 1066 πόλιν
1071 1011 1162 1091 φησίν·
1260 999 1263 1008 ’

169 1107 192 1162 οῖ
212 1104 264 1183 γὰρ
278 1095 533 1177 ἐπιόουλεόοντεςτῇ
549 1097 723 1184 δημοκρατίᾳ,
744 1099 858 1180 ἡσυχίας
870 1098 919 1179 μὲν
937 1099 1017 1174 αι’ίσης
1029 1103 1099 1162 κατὰ
1111 1104 1160 1178 τὴν

169 1198 245 1259 πόλιν
258 1198 305 1258 καὶ
316 1201 363 1256 τοῦ
373 1193 459 1273 δήμου
474 1192 608 1277 ιἰθορόόως
625 1195 670 1253 καί
683 1197 808 1277 ἀσφαλῶς
820 1197 1033 1277 πολιτευομένου,
1046 1201 1163 1281 οῖναγκοί-

169 1299 257 1365 ζονται
271 1291 354 1373 μηδὲν
368 1299 532 1374 παρακινεῖν,
540 1291 599 1350 ἀλλ’
609 1293 794 1353 ἐπακολουθεῖν
804 1301 858 1360 τοῖς
868 1293 967 1373 νόμοις,
975 1296 1020 1355 καί
1029 1295 1161 1359 τδλοιποί.

171 1391 472 1468 ldem‚ibid.p.1204.:
479 1388 550 1448 κατὰ
559 1385 587 1446 tt
596 1388 766 1467 αἰτιολογίαν,
776 1392 832 1456 ὡςὸ
842 1390 1036 1471 Ἀριστογείτων
1047 1394 1112 1477 πρὸς
1117 1395 1161 1454 τὸν

168 1489 321 1571 Ὑπερίδην·
337 1486 438 1546 ἐκείνου
451 1484 503 1567 γὰρ
519 1483 701 1567 ἐρωτήσαντος
713 1487 737 1544 εί
748 1483 847 1569 ἔγραψε
864 1485 925 1553 τοὺς
938 1487 1045 1556 δούλους
1056 1491 1161 1550 ἐλευθέ-

170 1610 228 1669 ρους
242 1573 319 1658 εἶναι,
333 1583 411 1650 αὐτὸς
423 1581 602 1664 ἀποκρίνεται,
618 1579 712 1661 ἵναμὴ
727 1587 804 1661 ἡμεῖς
815 1581 1005 1663 δουλεόσωμεν.
1107 1597 1108 1602 ’

201 1682 408 1759 Aristogitonis
417 1699 507 1758 genus
515 1680 634 1738 dicendi
642 1679 780 1759 frigidum
791 1694 821 1738 et
831 1681 918 1740 inane
930 1683 1002 1754 fuit;
1014 1685 1160 1764 Hermog„

168 1783 212 1840 ne
227 1779 350 1848 Formis,
362 1779 399 1850 11,
412 1777 466 1836 nh.
482 1792 524 1855 gr.
534 1775 627 1836 Walz.
648 1789 667 1834 t.
680 1777 738 1849 111,
751 1797 780 1856 p.
795 1777 851 1836 363
864 1799 871 1835 :
888 1778 934 1837 καί
947 1777 999 1856 μὴν
1013 1779 1058 1839 καὶ
1070 1781 1101 1840 τὸ
1111 1783 1162 1864 πρὸ

167 1880 220 1936 τῶν
246 1873 402 1944 ἀποδείξειαν
430 1873 570 1955 λοιδορίαις
590 1871 797 1956 ἢσφοδρότησιν
820 1877 878 1948 εἰκῆ
900 1879 1046 1958 κεχρῆσθαι
1072 1878 1160 1958 (cod.

168 1978 246 2034 Mon.
260 1971 347 2034 Vind.
363 1971 501 2053 χρῆσθαι),
515 1969 534 2042 ἢ
548 1968 610 2051 ἔνθα
624 1968 692 2038 θλως
709 1970 819 2050 μηδενὸς
829 1969 948 2032 τοιούτου
967 1975 1021 2048 δεῖ,
1042 1974 1162 2059 καθάπερ

167 2071 257 2130 εἴωθεν
271 2066 468 2150 Ἀριστογείτων
484 2074 579 2141 ποιεῖν,
590 2066 738 2148 φαινομένη
757 2066 797 2136 τίς
814 2069 901 2143 ἐστιν,
919 2067 1014 2148 σθ’μὴν
1032 2060 1099 2129 οὖσα
1112 2073 1164 2130 δει-

166 2166 253 2238 νότης·
274 2163 402 2223 ὑπόκενον
424 2161 476 2245 γὰρ
496 2161 543 2222 καί
559 2163 660 2246 ψυχρὸν
682 2165 783 2242 μᾶλλον
802 2164 833 2224 τὸ
853 2171 979 2225 τοιοῦτον.
1003 2167 1100 2239 idern,
1119 2169 1163 2228 De
1207 2199 1209 2205 ·

167 2265 287 2336 Formis,
297 2264 321 2338 l,
332 2261 402 2321 ibid
416 2277 445 2340 p.
465 2263 596 2321 εδδ-236
610 2285 616 2319 :
629 2261 833 2344 παραδείγματα
850 2261 879 2322 δὲ
889 2267 937 2334 τῆς
948 2265 1160 2344 ἀπαραμυθήτον

165 2359 331 2444 τραχύτητος
343 2355 417 2440 παρὰ
431 2355 480 2437 μίν
492 2361 532 2438 τῷ
545 2356 655 2440 Ῥήτορι
669 2359 714 2417 καί
730 2359 819 2434 πάνυ,
832 2361 867 2426 rit<
884 2359 964 2441 ἔφην,
982 2355 1039 2419 ἐστί
1061 2363 1160 2421 σπάνια

166 2459 248 2538 (Con
256 2455 342 2518 vind.
350 2455 432 2525 ἐστὶν,
442 2457 478 2522 θος
486 2452 563 2536 ἔφην,
571 2454 679 2514 σποίνια.
690 2455 873 2532 Μοιι.;ἐστλν,
881 2453 946 2536 ὅπερ
956 2455 1030 2536 ἔφην,
1039 2458 1160 2537 σπόνια)·

165 2561 180 2614 θ
192 2554 220 2614 δὲ
228 2551 425 2636 Ἀριστογείτων
437 2571 480 2610 σοι
491 2551 590 2633 ἄφθονα
601 2547 756 2634 παρέξεται,
771 2550 804 2624 νὴ
818 2552 880 2626 Δία,
892 2553 916 2610 εἰ
927 2551 1031 2632 βούλοιο
1040 2553 1085 2613 καί
1096 2558 1160 2638 παρ’

165 2652 265 2711 ἐκείνω
276 2650 368 2710 λαθεῖν
379 2649 591 2732 παραδείγματα.
606 2649 677 2720 Quae
688 2649 839 2708 confirmat
851 2653 1036 2728 Anonymus,
1046 2654 1158 2712 oratio-

165 2771 231 2809 nem
240 2744 591 2825 Aristogitonisadversus
601 2745 827 2804 Demosthenem
835 2746 935 2818 citans,
945 2742 1041 2805 schot.
1051 2749 1081 2806 in
1089 2751 1160 2808 Her-

165 2867 242 2925 mog.
258 2848 302 2904 De
317 2844 429 2904 Formis
452 2843 481 2913 l,
498 2841 570 2900 ibid.
595 2853 615 2898 t.
633 2841 702 2912 Vll,
724 2861 751 2919 p.
769 2829 862 2900 ron1:
877 2839 922 2900 καί
941 2841 1093 2920 ἀκόσμητον
1111 2845 1159 2924 μὲν

165 2943 243 3024 λόγον
258 2943 336 3001 καλεῖ
357 2940 403 3000 τδν
416 2937 581 3021 τραχύτητος
592 2936 674 3016 μόνης
695 2937 851 3014 ἀνάπλεων,
871 2930 913 2998 οἶα
931 2937 962 3012 δὴ
982 2940 1070 3004 πολλὰ
1086 2944 1159 3027 παρὰ

165 3045 202 3124 τῷ
226 3036 426 3123 Ἀριστογείτονί
444 3039 515 3096 ἐστιν
539 3038 567 3095 ἐν
588 3039 627 3118 τῷ
646 3034 716 3094 κατθι
732 3034 929 3114 Δημοσθένους,
948 3038 1005 3116 ἅμα
1028 3037 1056 3098 δὲ
1077 3046 1159 3100 πιθα-

165 3137 255 3211 νόιητι
276 3135 404 3219 προϊόντα
419 3133 464 3195 τὸν
488 3132 579 3206 ἠθικόν
604 3155 633 3193 τε
648 3131 694 3192 καί
716 3132 848 3206 ἀληθινόν.
871 3136 1018 3194 Conviciit
1033 3137 1063 3194 in
1091 3159 1158 3197 eum

165 3236 297 3296 Phocion
310 3253 370 3291 non
384 3231 539 3300 abstinuit,
551 3231 700 3290 Plutarch.
713 3233 744 3288 in
755 3231 892 3290 Phoc.X:
902 3218 1119 3313 Ἀριστογείτονος
1131 3236 1158 3296 δὲ

165 3340 210 3392 τοῦ
222 3331 399 3414 συκοφάντου,
411 3331 556 3406 πολεμικοῦ
574 3326 622 3404 μὲν
639 3325 712 3395 ὄντος
729 3331 756 3387 ἐν
770 3336 828 3394 ταῖς
846 3329 1013 3406 ἐκκλησίαις,
1027 3331 1072 3390 καὶ
1085 3355 1158 3415 παρ-

166 3431 300 3500 οξόνοντος
312 3429 353 3500 (in
365 3427 449 3487 Phnt.
458 3425 533 3485 Bibl.
545 3425 617 3485 cod.
627 3427 760 3498 ccxiv,
771 3425 808 3483 ad
821 3427 941 3503 margin.
955 3427 1158 3512 παροξύναντος)

165 3528 210 3586 ἐπὶ
231 3527 280 3593 τὰς
292 3522 400 3606 πράξεις
414 3519 459 3581 τὸν
474 3523 575 3600 δῆμον,
597 3523 624 3580 ἐν
648 3521 677 3580 δὲ
690 3524 731 3600 τῷ
748 3521 889 3604 καταλόγῳ
908 3523 1096 3607 προσελθόντος
1114 3531 1158 3588 ἐπὶ

167 3623 301 3704 βακτηρίᾳ
309 3619 348 3680 τὼ
356 3617 438 3691 σκέλη
452 3617 669 3696 καταδεδεμένον,
680 3617 812 3701 πόρρωθεν
825 3617 902 3678 αὐτὸν
915 3621 968 3681 ἀπὸ
981 3627 1028 3681 τοῦ
1040 3623 1159 3703 βήματος

165 3720 229 3781 ἰδὼν
240 3724 256 3779 θ
269 3717 397 3791 Φωκίων,
411 3713 547 3798 ἀνέκραγε·
559 3715 645 3798 γράφε
661 3716 707 3776 καί
720 3716 927 3800 Ἀριστογείτονα
942 3717 1030 3799 χωλὸν
1047 3721 1092 3780 καί
1104 3747 1157 3782 πο-

164 3817 255 3899 νηρόν.
271 3814 412 3874 Eumdem
424 3811 537 3871 lacessit
544 3813 677 3890 Αρείιιοε,
686 3816 741 3874 Ars
747 3813 831 3876 Rhet.
839 3816 884 3872 De
891 3815 1014 3874 exordio
1026 3839 1034 3874 ι
1046 3815 1158 3901 ἔγραψεν

165 3911 391 3996 θἈριατογείτων
412 3911 507 3987 μισθοῦ
521 3917 615 3986 μυεῖν,
633 3907 678 3968 καί
698 3907 824 3990 κρίνεταιζ
852 3909 974 3992 Ἀρμόαει
991 3910 1043 3994 γὰρ
1066 3914 1159 3973 εῖοόα·

165 4015 221 4071 λεῖν
241 4008 331 4074 οὕτως
355 4005 553 4088 Ἀριστογείτονι
580 4004 666 4087 τούτῳ
686 4008 734 4065 οὒκ
760 4006 836 4088 ἤρκει
857 4006 891 4066 τὰ
907 4007 975 4066 ἄλλα
1000 4008 1159 4087 σύμπαντα,

166 4111 196 4168 οὐ
207 4105 296 4185 νόμων
311 4103 481 4177 καταλύσεις,
495 4103 538 4185 ὕφ’
555 4093 593 4162 ὧν
611 4103 763 4186 ἀπείργεται
784 4109 832 4176 τῆς
849 4105 997 4178 πολιτείας,
1011 4107 1041 4162 οὗ
1061 4109 1157 4168 κλοπαὶ

167 4203 303 4282 δημόσιαι,
318 4203 348 4259 οὗ
360 4199 394 4260 τὰ
409 4199 565 4284 ὀφλήματα,
588 4203 617 4260 οὗ
631 4200 680 4272 τλν
697 4199 782 4262 αἰτίαν
797 4211 947 4284 παρασχεῖν
960 4201 1038 4260 αὐτὸν
1055 4205 1099 4263 καί
1112 4211 1159 4281 τῆς

998 4336 1034 4380 2⁸
1120 4391 1123 4400 ι
