3198 5288
1080 539 1178 598 xux

186 680 1182 782 recedenscommentasophistarumprofligat,manifes-

188 815 341 896 tumque
366 797 452 871 facit
470 811 648 896 quantum
665 797 735 870 hae
752 812 829 869 arte
847 796 1102 890 abuterentur,
1115 803 1179 898 qui

186 916 351 1011 specioso
363 913 471 985 titulo
489 910 615 985 fucum
636 910 797 984 lacerent
809 911 946 1010 populo
961 910 1057 1009 (7d);
1072 912 1181 984 modo

188 1026 333 1099 tradens
351 1043 464 1098 artem
482 1026 659 1098 orationis
676 1023 1056 1114 beneconstituendae,
1074 1026 1181 1100 docet

189 1143 344 1214 multum
359 1145 532 1214 interesse
544 1143 696 1213 oratoris
708 1165 859 1212 noscere
869 1142 920 1212 rei
933 1165 1049 1238 genus
1058 1155 1095 1214 et
1103 1167 1183 1240 spe·

189 1256 301 1343 ciem;
327 1280 406 1326 eam
435 1253 646 1328 definiendo
671 1254 851 1353 explicare
872 1269 982 1352 atque
1002 1260 1040 1327 in
1063 1273 1201 1354 partes·

189 1370 376 1460 tribuere3
405 1375 666 1468 consequentia
693 1394 842 1442 cernere
869 1384 905 1442 et
932 1374 1183 1470 repugnantia,

188 1485 411 1582 distinguere
434 1483 624 1580 ambigua,
660 1482 750 1581 quid
777 1483 955 1580 cujusque
974 1486 1119 1583 ingenio
1139 1487 1185 1558 sit

189 1623 393 1696 congruum
425 1598 625 1696 aucupari;
653 1598 856 1670 orationem
883 1611 967 1695 apte
992 1597 1186 1697 disponere

190 1729 226 1784 et
247 1737 443 1802 exornare,
462 1737 577 1811 eaque
596 1714 714 1784 omnia
733 1714 991 1785 exercitatione
1006 1728 1043 1786 et
1064 1713 1185 1786 studio

189 1831 333 1925 assequi
358 1827 447 1926 (75).

239 1943 448 2015 Aristoteles
462 1967 546 2014 eum
565 1941 737 2041 sophistis
756 1947 865 2038 gessit
877 1944 1083 2016 inimicitias
1095 1967 1187 2041 quas

190 2085 210 2130 a
236 2059 404 2147 Platone,
434 2059 608 2155 magistro
635 2082 723 2146 suo,
751 2073 956 2156 acceperat;
985 2057 1049 2130 sed
1078 2058 1186 2156 longe

189 2175 293 2246 aliam
326 2172 472 2246 dicendi
507 2171 737 2268 docendique
774 2175 867 2244 viam
901 2177 1084 2270 ingressus
1120 2187 1187 2244 est.

190 2291 292 2362 Plato
317 2293 436 2380 enim,
454 2303 496 2360 ut
515 2302 592 2360 erat
620 2301 749 2358 natura
768 2289 985 2386 propensior
1002 2287 1046 2360 ad
1063 2288 1185 2383 jocos,

189 2403 371 2502 sophistas
410 2400 547 2476 facetiis
580 2400 775 2488 lacessivit;
817 2400 1046 2486 Aristoteles,
1078 2424 1186 2498 argu·

192 2531 315 2590 menta
344 2541 530 2616 premens,
568 2515 658 2588 nihil
685 2539 729 2586 ex
769 2517 867 2610 rugis
896 2513 1097 2586 cavillando
1132 2540 1187 2588 re·

190 2637 300 2706 misit.
336 2632 445 2732 Apud
475 2631 662 2706 Platonem
702 2643 758 2700 est
788 2628 932 2700 dicendi
964 2654 1079 2727 genus
1113 2631 1188 2730 ple·

192 2772 348 2846 rumque
381 2773 540 2844 purum,
581 2743 734 2816 floribus
766 2742 999 2834 distinctum,
1035 2770 1080 2816 ex
1113 2771 1189 2843 quo

194 2879 335 2952 manat,
355 2877 543 2958 tamquam
562 2887 606 2932 ex
624 2860 750 2948 horto,
765 2883 853 2932 aura
875 2861 1097 2949 suavissima,
1112 2863 1190 2930 vio-

197 2978 314 3074 lisque
333 2975 484 3048 odorata
506 2971 602 3072 (76);
620 2971 828 3044 Aristoteles
856 2971 1000 3044 dicendi
1019 2987 1190 3044 ornatum

197 3092 373 3189 negligit,
404 3091 441 3160 in
477 3114 522 3161 eo
556 3101 656 3159 totus
688 3101 730 3157 ut
759 3111 835 3158 rem
864 3085 1098 3158 demonstret.
1129 3089 1192 3158 So-
1321 3177 1326 3188 Ι

196 3207 357 3308 phistas,
388 3229 505 3303 quum
534 3227 635 3301 paene
667 3200 851 3296 jacerent,
884 3202 986 3274 novis
1004 3199 1088 3274 ferit·
1117 3201 1191 3273 vul·

239 3483 1191 3572 (7t)ct1>taton.‚uorg.Betk.e'd.L0nd.1826,t.111,p.138·167.

239 3589 301 3670 (75)
315 3589 358 3649 Cf.
372 3586 524 3660 Eumdem,
536 3584 648 3644 Phaedt.
663 3583 734 3643 ibid.
751 3596 771 3640 t.
782 3583 804 3656 l,
819 3602 849 3662 p.
868 3583 1004 3659 196-197.

239 3688 303 3768 (76)
317 3687 436 3764 Dionys.
447 3685 537 3744 llalic.
551 3683 640 3762 Epist.
654 3681 691 3740 ad
700 3681 888 3758 Pompeium,
902 3681 929 3739 ll
943 3678 1020 3740 ιδταν
1031 3679 1080 3759 μὲν
1092 3674 1192 3752 οὖντὸν

200 3782 294 3865 ἰσχνὴν
308 3782 354 3844 xel
370 3783 455 3865 ἀφελῆ
481 3780 527 3840 καὶ
547 3778 673 3852 ἀποίητον
694 3775 837 3858 ἐπιτηδεύῃ
857 3775 953 3859 φράσιν
966 3823 974 3853 ,
989 3776 1108 3847 ἐκτόπως
1115 3779 1193 3852 ἡδεῖά

199 3880 320 3940 ἐστικαὶ
344 3879 535 3962 φιλάνθρωπος.
562 3874 678 3959 Καθαροί
695 3897 724 3934 τε
746 3873 797 3957 γὰρ
822 3873 1001 3958 ἀποχρώντως
1020 3875 1122 3955 γίνεται
1148 3875 1193 3936 καὶ

199 3975 322 4056 διαυγὴς,
337 3974 428 4058 ὥσπερ
447 3974 482 4035 τὰ
497 3971 692 4058 διαφανέστατα
705 3976 758 4032 τῶν
779 3969 922 4050 ναμάτων.
935 4016 942 4030 .
955 4016 981 4030 ..
998 3970 1107 4056 χλοερόν
1121 3969 1152 4031 τί
1167 3995 1194 4032 τι

198 4073 243 4134 καὶ
256 4073 364 4147 τεθηλὸς
377 4072 422 4134 καὶ
438 4071 534 4153 ριστὸν
547 4070 617 4154 ὥρας
640 4069 716 4139 ἄνθος
735 4067 887 4130 ἀναδίδωσι·
903 4067 949 4128 καὶ
962 4065 1052 4150 ὥσπερ
1073 4065 1127 4128 dard
1140 4071 1193 4128 τῶν

199 4171 385 4233 εὐωδεστάτων
401 4169 539 4249 λειμώνων
560 4159 629 4250 αὖρά
645 4168 773 4239 ascititia
786 4165 813 4234 ἐξ
827 4166 908 4236 αὐτῆς
920 4162 1035 4246 φέρεται.

1028 4267 1052 4348 lt
