3198 5288
1065 555 1167 610 XXIII

175 694 262 790 AEgii
282 707 318 766 et
336 695 491 788 Sicyone
505 691 585 790 (64)
601 693 699 790 apud
716 694 884 786 Achaeos,
903 697 1084 793 politicam
1097 699 1169 771 elo·

175 807 361 902 quentiam
388 806 545 878 multum
575 806 753 896 valuisse3
780 809 864 896 sed,
882 835 995 906 quum
1030 816 1171 886 interei-

175 920 294 992 derint
328 923 514 999 oraliones
548 945 640 1018 quas
678 921 791 994 dictas
824 921 932 1000 fuisse
959 940 1100 999 constat
1130 928 1169 998 in

174 1034 305 1110 horum
335 1034 556 1132 populorum
592 1035 756 1106 conciliis
782 1033 892 1134 (65),
915 1039 970 1108 vel
999 1063 1020 1110 a
1045 1039 1169 1136 legalis

176 1173 267 1244 quos
291 1148 367 1220 aliae
404 1148 451 1220 ad
488 1149 585 1230 aliasv
609 1153 770 1222 civitates
802 1155 1027 1249 Romamque
1048 1156 1182 1240 mitte·¹

175 1399 265 1454 γονται
279 1376 419 1446 ἐκδοθῆναι
433 1373 459 1444 ἐξ
473 1375 589 1447 Ἀθηνῶν
604 1373 718 1458 ῥήτορες·
734 1375 889 1454 πάμπολλοι
907 1374 935 1434 δὲ
946 1376 1000 1436 ἀπδ
1015 1377 1104 1452 πάσης
1119 1383 1166 1452 τῆς

174 1471 311 1538 Ἑλλάδος.
326 1471 400 1531 lbid.
414 1485 433 1530 t.
446 1477 482 1544 V,
495 1491 523 1550 p.
536 1474 563 1530 8.
578 1473 666 1550 Apud
681 1486 840 1550 utrumque
849 1488 1038 1552 exaggeratos
1053 1475 1168 1534 videtur

175 1590 321 1630 numerus.
331 1570 430 1646 Longe
440 1569 524 1628 aliter
535 1572 646 1630 Auctor
658 1569 754 1628 Schol.
766 1569 797 1626 in
809 1569 969 1646 Aphthon,
983 1570 1053 1630 ibid.
1062 1584 1079 1630 t.
1087 1573 1124 1645 II,
1139 1594 1168 1650 p.

176 1669 233 1726 683
245 1691 253 1726 ι
265 1665 310 1728 καί
324 1665 456 1742 ἐπίσημον
467 1665 498 1724 τὸ
508 1669 556 1736 τῆς
567 1669 706 1748 ῥητορικῆς
719 1664 802 1744 ὄνομα
814 1664 941 1738 ἐποίησαν
955 1667 981 1724 ἐν
996 1670 1030 1746 τῇ
1042 1664 1167 1744 Ἑλλάδι,
1257 1665 1258 1670 “

174 1761 215 1822 ότι
225 1761 336 1841 μετὰτθι
346 1763 515 1824 Μακεδονικά
530 1761 642 1835 ἐσὸίοθη
652 1761 683 1823 τδ
696 1765 748 1822 τῶν
762 1761 879 1844 ρητόρων
890 1761 985 1841 ὄνομα,
1000 1763 1045 1822 καί
1058 1767 1167 1846 φευκτὸν

174 1859 219 1918 καὶ
234 1857 300 1940 βαρὺ
312 1858 358 1919 καί
369 1857 533 1920 θλοκίνδυνον
552 1857 646 1920 ἐδόκει.
661 1856 829 1941 Ἀντίπατρος
841 1857 869 1918 δὲ
884 1857 910 1928 ἐξ
927 1859 1041 1932 Ἀθηνῶν
1058 1861 1169 1945 ῥήτορας

175 1956 312 2019 ἀπέκτεινε
323 1954 379 2031 δίο,
392 1955 438 2018 καί
453 1955 546 2016 ἑκατὸν
561 1958 591 2016 ἐκ
604 1955 693 2028 πάσης
710 1961 757 2028 τῆς
774 1954 912 2025 Ἑλλάδος.
930 1958 1017 2035 Apud
1028 1955 1167 2038 Spengel,

176 2055 194 2112 l.
208 2056 266 2133 lp.
280 2058 348 2128 ποθ,
359 2075 415 2136 pro
433 2059 488 2116 duo
503 2056 630 2133 reperias
648 2058 856 2132 quadraginta,
877 2076 1054 2134 quamquam
1066 2058 1168 2117 eodem

175 2171 266 2232 schol.
278 2172 382 2229 nititur
394 2193 400 2228 :
413 2169 580 2250 Ἀντίπατρος
594 2167 621 2228 δὲ
633 2167 660 2237 ἐξ
672 2169 787 2241 Ἀθηνῶν
800 2168 936 2230 ἀπέκτεινε
945 2157 976 2250 μ.
993 2172 1094 2250 Neque
1108 2195 1169 2232 me-
1260 2177 1262 2184 '

175 2269 241 2326 liori
262 2268 430 2328 conditione
443 2287 495 2325 usa
514 2279 556 2324 est
580 2267 787 2344 philosophia,
802 2269 849 2326 cui
871 2268 1030 2346 Sophocles
1051 2270 1169 2328 decreto

175 2367 321 2424 silentium
340 2365 470 2439 indixit,
496 2365 617 2442 Diogen.
650 2366 744 2422 Laert.
766 2370 813 2436 V,
850 2366 914 2423 38:
938 2365 1102 2446 Σοφοκλέους
1122 2373 1167 2425 τοῦ

175 2461 358 2544 Ἀμφικλείδου
374 2460 454 2539 νόμον
475 2457 681 2538 εἰσενεγκόντος,
705 2459 816 2531 Μηδένα
839 2462 891 2518 τῶν
908 2461 1056 2543 φιλοσόφων
1071 2465 1169 2542 σχολῆς

175 2563 345 2640 ἀφηγεῖσθαι,
361 2556 392 2616 δν
405 2556 443 2636 μὴ
458 2561 491 2637 τῇ
510 2559 598 2637 Βουλῇ
611 2556 665 2616 καὶ
675 2561 714 2638 τῷ
723 2557 809 2638 Δήμῳ
824 2553 899 2636 δόξῃ·
914 2559 937 2616 εἰ
950 2555 977 2616 δὲ
988 2557 1026 2636 μὴ
1038 2604 1047 2631 ,
1058 2559 1168 2620 θάνατον

174 2648 243 2716 εἶναι
255 2655 304 2728 τήν
322 2655 427 2735 ζημίαν.
439 2656 483 2715 Cf.
492 2656 603 2728 Pollux,
619 2657 668 2729 IX,
680 2664 727 2723 la.

216 2755 279 2834 (63)
293 2757 336 2814 De
347 2755 500 2814 Thetmico
518 2765 672 2824 conventu,
689 2753 756 2811 vide
770 2753 872 2829 Polyb.
885 2755 920 2825 V,
934 2756 969 2827 83
991 2755 1094 2826 XVIII,
1110 2757 1143 2815 31
1160 2778 1168 2826 ;
1245 2766 1250 2777 ·

175 2855 315 2924 XXVIII,
334 2862 362 2926 4,
374 2852 419 2911 ed.
432 2851 527 2910 Didot.

218 2951 281 3029 (64)
293 2948 396 3025 Polyb.
407 2951 461 3025 lv,
479 2969 506 3020 7.
521 2947 618 3015 Idem,
638 2953 675 3017 V,
694 2968 706 3004 1
722 2970 729 3006 ι
744 2951 758 3005 ό
772 2944 801 3004 δὲ
817 2947 940 3027 βασιλεδς
961 2947 1111 3023 Φίλιππος,
1125 2949 1170 3007 ἕν-

176 3047 237 3119 δεὴς
250 3024 287 3105 ὃίν
300 3045 374 3104 σίτου
388 3044 433 3104 καί
448 3041 595 3126 χρημάτων
610 3045 647 3110 εἷς
656 3041 704 3110 τὰς
716 3041 854 3120 δυνάμεις,
869 3047 966 3122 συνῆγε
976 3043 1037 3114 τοθς
1050 3043 1170 3125 Ἀχαιοὺς

177 3143 220 3202 &a
237 3147 289 3202 τῶν
304 3139 440 3224 ἀρχόντων
461 3145 498 3208 είς
516 3139 668 3213 ἐκκλησίαν.
689 3138 880 3222 Ἀθροισθίντος
896 3139 924 3199 δὲ
936 3147 984 3200 τοῦ
998 3142 1113 3214 πλήθους
1134 3145 1171 3210 εἷς

177 3239 270 3319 Ἀίγισν
286 3237 355 3298 κατὰ
370 3237 431 3304 τοὺς
446 3236 551 3314 νόμους,
565 3239 633 3318 ὁρῶν
648 3235 709 3303 τοὺς
720 3235 768 3316 μὲν
780 3236 841 3319 περί
854 3235 966 3319 Ἄρατον
981 3240 1169 3299 ἔθελοκακσῦν-

177 3364 240 3413 τας,
264 3338 307 3398 διὰ
319 3337 368 3410 τήν
382 3337 444 3420 περὶ
457 3337 504 3404 τὰς
519 3336 689 3419 ἀρχαιρεσίας
700 3336 878 3415 γεγενημένην
893 3341 929 3405 εἰς
942 3339 1035 3406 αθτοθς
1046 3343 1098 3398 τῶν
1109 3339 1170 3421 περί

176 3437 221 3497 τὸν
229 3436 356 3507 Ἀπελλῆν
370 3432 637 3516 κακοπραγμοσύνην·
650 3432 694 3494 τδν
711 3433 733 3492 δ’
747 3433 898 3516 Ἐπήρατον
913 3434 1047 3518 ἄπρακτον
1060 3434 1170 3516 ὄνταπῇ

177 3533 271 3615 φύσει,
284 3533 329 3592 καί
342 3528 590 3611 καταγιωσκόμενον
603 3529 654 3588 θπθ
667 3529 790 3590 πάντων.
803 3573 810 3588 .
823 3575 830 3588 .
843 3578 850 3593 .
871 3531 972 3600 Πείσας
988 3524 1034 3592 οδν
1048 3531 1106 3600 τοθς
1120 3533 1171 3614 ἄρ-

176 3651 276 3711 χοντας
287 3635 447 3707 μεταγαγεῖν
465 3625 514 3698 τήν
528 3624 672 3698 ἐκκλησίαν
686 3628 723 3692 είς
734 3627 871 3686 Σικυῶνα.
884 3671 891 3686 .
905 3628 1062 3711 ,παρεκάλει
1084 3629 1170 3707 μένειν

178 3725 274 3791 αὐτοὺς
285 3725 328 3784 ἐπί
340 3729 388 3796 τῆς
401 3722 427 3792 ἐξ
443 3726 527 3805 ἀρχῆς
543 3721 677 3804 αἱρέσεως.

220 3805 706 3900 (65)1⁰Thermi3P0lyb.,XVlII,
722 3823 773 3879 31:
788 3819 1028 3903 μεσοβασιλέως
1039 3845 1171 3895 συγκατα-

177 3919 288 3998 θεμένου
301 3927 356 3986 τοῖς
366 3914 611 3996 ὑποδεικνυμόνοις,
627 3915 722 3984 εὐθέως
736 3918 782 3976 ἀπ’
793 3917 892 3978 ἐκείνου
904 3919 1090 4002 χωρισθέντες,
1105 3911 1170 3990 ήκον

177 4017 223 4076 ἐπί
242 4015 291 4088 τήν
312 4018 365 4074 τῶν
387 4001 530 4095 Θερμικῶν
552 4011 674 4072 σύνοδον·
697 4013 743 4072 καί
763 4013 935 4096 παρελθόντες
956 4019 993 4082 εἷς
1016 4015 1051 4075 τθι
1072 4013 1171 4088 πλήθη,

177 4113 344 4194 παρεκάλουν
365 4108 427 4178 τοὺς
442 4108 577 4176 Αἰτωλοὺς
597 4107 640 4167 διὰ
659 4107 798 4184 πλειόνων,
819 4119 907 4189 μεῖναι
920 4111 964 4170 ἐπί
983 4115 1032 4182 τῆς
1044 4109 1070 4178 ἐξ
1088 4113 1172 4191 ἀρχῆς

178 4210 314 4292 αἱρέσεως,
328 4210 373 4268 καί
385 4206 568 4290 διαφυλάττειν
585 4204 633 4278 τλν
648 4205 712 4289 πρδς
724 4206 873 4285 Ῥωμαίους
883 4207 994 4281 εὔνοιαν,
1010 4209 1067 4268 κτλ.
1083 4206 1171 4276 Idem,
