3194 5286
407 551 503 610 XCVI

456 677 631 768 Doctrina
688 687 1014 765 commendabilem
1074 683 1184 758 fuisse
1232 689 1403 785 Gorgiam

411 813 667 886 Atheniensem
691 807 779 880 iude
803 806 1024 902 colligimus,
1065 799 1166 898 quod
1192 802 1332 873 Tullius
1360 829 1406 875 eo

410 928 582 1024 magistro
602 925 656 996 uti
680 924 719 994 in
742 917 979 992 declamando
999 915 1157 986 voluerit
1180 913 1317 1007 lilium,
1340 922 1405 1014 qui

411 1068 486 1115 non
503 1063 632 1140 parum
654 1063 692 1110 se
714 1034 910 1136 profecisse
928 1032 1141 1120 declaravit;
1160 1055 1276 1127 quum
1299 1057 1320 1102 a
1341 1032 1406 1104 dc-

411 1172 533 1247 cente,
562 1167 715 1252 propter
739 1152 818 1248 ejus
850 1147 1099 1220 dissolutiores
1132 1170 1272 1234 mores,
1306 1145 1405 1218 dice-

410 1270 497 1342 dere
524 1270 646 1366 jussus
673 1281 728 1338 est
762 1263 872 1362 (250).
896 1267 1048 1332 Prorsus
1087 1262 1284 1332 interiisset
1313 1259 1407 1334 liber

410 1408 522 1482 quem
536 1382 580 1452 de
599 1379 842 1454 Schematibus
861 1376 1005 1473 scripsit
1023 1377 1194 1470 Gorgias,
1227 1375 1296 1445 nisi
1321 1399 1406 1446 eum

411 1496 786 1572 vertissetP.Rutilius
803 1499 939 1591 Lupus.
949 1488 1158 1561 Dcleudum
1174 1507 1228 1564 est
1238 1490 1406 1591 profecto

412 1615 589 1685 clarorum
612 1625 802 1682 oratorum
820 1609 1023 1709 fragmenta
1054 1637 1129 1684 non
1154 1613 1229 1708 jam
1251 1622 1403 1689 exstare,

412 1731 481 1799 nisi
504 1727 632 1797 latine:
667 1725 704 1795 id
734 1740 857 1796 tamen
894 1727 971 1799 haec
1000 1729 1254 1826 interpretatio
1294 1722 1407 1794 hahet

412 1839 609 1928 commodi,
621 1839 1004 1940 quodnusquamalihi
1016 1835 1406 1941 reperiendaexempla
1443 1904 1446 1906 ,

413 1955 640 2054 suppeditat,
659 1968 778 2026 sumta
799 1979 820 2026 e
846 1957 1085 2055 scriptoribus
1100 1961 1166 2056 qui
1183 1955 1337 2028 omnino
1349 1951 1407 2024 vel

412 2155 545 2228 Ἀθηναῖος
562 2151 617 2213 bid
635 2152 822 2236 Ναυκρατίτης
842 2153 887 2213 καὶ
909 2153 1082 2224 Ἀπολλώνιος
1102 2158 1116 2215 ὁ
1137 2151 1287 2226 ἐπικληθεὶς
1308 2151 1407 2212 Μόλων

412 2254 542 2335 ὡρίσαντο
567 2249 652 2311 οὕτω·
678 2251 772 2332 σχῆμά
792 2253 849 2311 ἐστι
869 2251 1004 2331 parabolici
1028 2256 1064 2320 εἷς
1088 2251 1184 2326 ἡδονὴν
1206 2250 1334 2332 ἐξάγουσα
1358 2247 1407 2322 τὴν

412 2349 503 2422 ἀκοήν.
522 2348 692 2427 Appollonii
712 2347 822 2406 dietum
840 2349 936 2408 laudat
959 2351 1018 2410 Cic.
1030 2395 1039 2424 ,
1051 2352 1096 2424 De
1107 2353 1168 2410 lnv.
1183 2351 1211 2422 l,
1235 2349 1287 2408 55:
1301 2349 1409 2408 «Com-

413 2447 499 2506 motis
515 2459 611 2504 autem
622 2445 726 2504 animis
739 2445 848 2505 diutius
864 2448 894 2504 in
906 2448 1115 2526 conquestione
1126 2448 1235 2505 morari
1252 2465 1312 2504 non
1324 2464 1410 2522 opor·

413 2543 493 2603 tebit.
505 2543 757 2644 Quemadmodum
768 2545 844 2603 enirn
859 2544 933 2604 dixit
948 2545 1047 2604 rhetor
1063 2545 1251 2624 Apollonius:
1266 2544 1408 2620 lacryma

414 2641 487 2699 nihil
511 2641 594 2698 citius
615 2641 755 2699 arescit.»

454 2737 536 2816 (250)
547 2738 605 2796 Cic.
617 2726 708 2814 Epist.
726 2737 763 2796 ad
773 2737 871 2797 Famil.
883 2739 957 2812 XVI,
973 2757 1020 2796 ar:
1033 2764 1046 2791 α
1058 2738 1181 2798 lllultum
1195 2737 1281 2796 etiarn
1295 2754 1409 2794 mecum

414 2847 458 2894 est
473 2835 630 2914 Epicrates,
646 2835 783 2913 princeps
799 2835 1028 2910 Atheniensium,
1042 2847 1072 2896 et
1083 2835 1241 2908 Leonides,
1262 2834 1410 2892 ethorum

414 2932 510 2990 caeteri
525 2931 643 2990 similes:
654 2927 687 2989 cd
703 2929 750 3010 μὲν
762 2921 807 2991 οὖν
820 2933 880 2992 καθ’
886 2937 959 3012 ἡμᾶς
971 2931 1043 2991 τάδε.
1054 2935 1098 2992 De
1104 2932 1213 3012 Gorgia
1222 2944 1319 2990 autem
1331 2929 1411 3010 quod

414 3029 486 3088 mihi
515 3029 626 3100 scribis,
655 3042 717 3087 erat
736 3029 854 3109 quidem
878 3031 928 3089 ille
954 3031 986 3088 in
1014 3030 1181 3108 quotidiana
1202 3029 1411 3088 declamatione

416 3127 509 3198 utilis;
533 3126 583 3185 sed
612 3127 711 3185 omnia
736 3129 905 3206 postposui,
943 3127 1101 3187 dummodo
1134 3127 1285 3206 praeceptis
1319 3127 1410 3204 patris

415 3244 556 3303 parerem.
584 3223 736 3306 Διαῤῥήδην
768 3225 845 3284 enim
870 3227 1045 3305 scripserat,
1083 3237 1117 3284 ut
1143 3246 1210 3284 eum
1235 3224 1410 3284 dimitterem

415 3321 519 3384 statim.
534 3317 733 3399 Tergiversari
747 3323 846 3397 nolui,
865 3344 903 3383 ne
920 3344 985 3382 mea
999 3323 1089 3382 nimia
1102 3321 1202 3394 σπουδή
1217 3322 1411 3400 suspicionem

417 3418 444 3477 ei
458 3419 585 3497 aliquam
603 3419 783 3496 importaret.
797 3421 909 3480 Deinde
926 3421 999 3480 illud
1020 3421 1106 3479 etiam
1124 3419 1194 3478 mihi
1214 3419 1410 3490 succurrebat,

416 3535 504 3594 grave
525 3535 585 3575 esse
611 3537 658 3576 me
675 3517 712 3576 de
726 3516 837 3596 judicic
858 3519 949 3598 patris
974 3517 1136 3596 judicare.»
1158 3518 1280 3575 Causam
1304 3517 1412 3576 demis·

416 3615 505 3672 sionis
525 3612 612 3673 docet
629 3615 774 3674 Plutarch.
792 3616 823 3674 in
848 3615 907 3676 Cic.
933 3615 1041 3675 XXIV:
1054 3607 1171 3697 ¹l'cpqlam
1184 3609 1222 3686 δὲ,
1247 3612 1292 3672 τὸν
1305 3613 1413 3696 ῥήτορα,

416 3707 571 3789 αἰτιώμενος
596 3713 633 3779 al<
655 3708 748 3784 ἡδονὰς
774 3710 820 3772 καὶ
842 3709 937 3778 πότους
968 3708 1092 3791 προάγειν
1115 3709 1145 3768 τὸ
1175 3706 1320 3792 μειράκιον,
1342 3713 1413 3770 ἀπε-

419 3805 509 3867 λαύνει
520 3810 568 3880 τῆς
579 3807 718 3876 συνουσίας
730 3809 820 3869 αὐτοῦ.
837 3809 899 3868 Non
920 3827 1010 3868 vanas
1026 3808 1113 3866 luisse
1127 3807 1179 3865 has
1192 3807 1340 3866 Ciceronis
1360 3827 1413 3866 su-

418 3905 562 3983 spiciones
583 3917 708 3982 arguunt
731 3925 796 3983 quaa
813 3903 900 3964 tradit
917 3905 1044 3979 Plinius,
1058 3905 1094 3964 ll.
1112 3905 1146 3964 N.
1164 3905 1244 3984 XIV,
1260 3924 1323 3983 cap.
1338 3904 1411 3966 ult:

417 4000 568 4080 «Tergilla
583 4001 716 4062 Ciceroni
737 4001 776 4062 ld.
788 4003 819 4062 F.
836 4000 923 4060 binos
935 4001 1054 4080 congios
1065 4000 1150 4060 simul
1163 4001 1280 4060 haurire
1293 4000 1410 4059 solitum

422 4097 479 4176 ipsi
499 4096 620 4174 objicit,
641 4097 798 4176 Marcoque
820 4097 993 4176 Agrippina
1016 4097 1176 4158 temulento
1198 4095 1338 4176 scyphum
1358 4095 1415 4154 irn-

418 4205 566 4270 pactum.»
