3194 5286
635 559 860 632 COLUMNA
892 564 969 630 XX.
1148 563 1192 641 [μ
1303 551 1305 556 ’

423 758 556 852 partim
575 757 837 846 euthistoricis,
855 769 967 852 atque
998 773 1041 824 ex
1057 756 1101 824 iis
1117 762 1198 849 quae

423 883 475 976 illi
494 907 637 978 litteris.
654 907 825 980 mandata
859 905 1097 1002 reliquerunt.
1134 909 1201 974 Ar·

427 1055 520 1125 tium
543 1069 666 1128 autem
688 1035 853 1154 'magistri
874 1069 997 1153 aperte
1018 1066 1202 1140 statuunt,

423 1202 461 1274 id
480 1203 584 1300 quod
606 1229 734 1276 verum
752 1217 829 1292 est,
855 1201 918 1274 sed
947 1201 1152 1274 occultatur
1183 1225 1205 1270 a

431 1356 516 1422 viris
533 1354 708 1451 politicis3
728 1355 902 1423 nimirum
922 1376 979 1441 se,
998 1359 1047 1423 ita
1066 1368 1109 1423 ut
1127 1375 1206 1449 gra-

328 1521 331 1526 ·
431 1525 492 1573 ves
531 1518 567 1573 et
609 1508 739 1601 optimi
783 1503 1013 1592 habeantur,
1063 1526 1208 1601 praeser-

430 1652 570 1746 timque
587 1651 631 1720 ut
652 1655 689 1721 in
710 1674 871 1722 errorem
896 1649 1081 1722 audientes
1097 1647 1209 1720 addu-

429 1817 514 1872 cant
544 1817 664 1899 atque.
684 1827 741 1877 res
774 1801 1011 1898 amplificent,
1047 1799 1210 1872 adhibita

434 1949 620 2040 methodo,
628 1953 790 2023 Actionis
802 1965 984 2048 praecepta
1002 1953 1209 2020 instituere:

433 2099 568 2195 quibus
598 2099 761 2172 artificiis
792 2124 1026 2197 nequaquam
1049 2112 1130 2196 eget
1151 2097 1210 2167 ille

432 2262 499 2354 qui
517 2245 728 2332 ceterarum
748 2258 1021 2355 disciplinarum
1041 2271 1097 2328 est
1116 2260 1210 2354 peri-

436 2423 513 2496 tus,
536 2408 671 2480 nedum
693 2407 731 2478 id
756 2406 1029 2505 intelligendum
1056 2411 1102 2476 sit
1128 2419 1208 2476 tan·

433 2555 627 2636 tummodo
644 2555 689 2626 de
699 2580 742 2626 eo
753 2560 817 2652 qui
833 2561 870 2626 in
881 2555 990 2626 rebus
1000 2555 1045 2627 ad
1054 2554 1211 2654 philoso-

433 2698 558 2796 phiam
569 2699 837 2798 pertinentibus
853 2715 1026 2771 versatur.
1044 2705 1210 2798 Itaquesi
1302 2771 1306 2778 ,

433 2851 516 2944 quis
529 2847 660 2919 dixerit
667 2848 1047 2939 Actionem‚omnibus
1057 2855 1131 2919 suis
1142 2876 1207 2920 nu·

433 3003 540 3068 meris
552 2997 1019 3088 absolutam,=collocandam
1028 3024 1104 3070 esse
1114 3003 1209 3088 inter

432 3148 490 3221 illa
499 3175 580 3247 quae
588 3149 633 3222 ad
646 3150 783 3247 aliquid
794 3149 980 3221 referenda
989 3165 1085 3240 sunt,
1093 3153 1205 3221 isnon

431 3299 577 3370 errabit.
594 3295 744 3372 Rhetori
758 3304 854 3372 enim
863 3355 872 3391 ‚
882 3299 1105 3399 forsitanque
1119 3303 1207 3401 poli-

431 3460 504 3526 tico
526 3459 605 3524 viro
631 3471 742 3551 atque
774 3455 960 3552 sophistae,
980 3481 1054 3526 non
1076 3456 1204 3528 eodem

431 3600 541 3670 modo
556 3605 660 3671 Actio
684 3598 871 3671 tractanda
888 3614 942 3671 est
966 3628 973 3668 :
1003 3601 1070 3672 alia
1089 3601 1205 3699 philo-

434 3749 551 3847 sopho
592 3754 791 3837 convenit,
811 3750 880 3822 alia
907 3754 955 3820 iis'
976 3757 1041 3848 qui
1067 3758 1104 3822 in
1128 3752 1203 3822 aliis

431 3897 630 3996 disciplinis
669 3903 800 3971 versati
840 3897 1015 3989 fuerunt3
1065 3898 1202 3970 diversa

431 4061 484 4117 est
503 4072 655 4144 quoque
682 4050 829 4144 juveni,
863 4052 942 4124 viro
959 4051 1022 4118 aevi
1043 4051 1202 4144 integr0,

1035 4216 1076 4296 li
