3194 5286
625 695 696 766 dio.
728 693 894 780 london,
914 697 951 766 in
975 703 1022 784 Δῖ
1040 703 1295 792 Fragmentum
1324 699 1370 769 de

624 814 918 909 naturaDeorum
928 810 988 883 hic
996 818 1154 911 primum
1165 811 1370 904 exhibetur,

621 929 747 1022 ignoto
777 930 935 996 auctoris
960 931 1121 998 nomine.
1155 930 1283 998 Narrat
1311 933 1367 998 W.

621 1038 909 1110 Drummondius
946 1041 1046 1112 litem
1080 1056 1239 1113 exortam
1272 1045 1369 1115 inter

620 1154 754 1250 Anglos
777 1168 814 1224 et
836 1155 1103 1252 Neapolitanos,
1127 1155 1172 1226 de
1193 1157 1368 1255 exemplis

622 1268 811 1366 descriptis
837 1293 931 1364 quae,
954 1269 1194 1367 Franoogallis
1225 1269 1365 1343 bellum
1402 1291 1408 1298 ·

621 1380 882 1468 inferentibus,
921 1388 1140 1456 Panormum
1183 1402 1365 1483 asportata

620 1495 773 1568 fuerant.

377 1621 469 1688 Aun.
496 1616 599 1701 1814.
619 1619 831 1710 Fragmenta
845 1612 901 1692 ,de
924 1613 1021 1685 Bello
1047 1616 1211 1701 Actium,
1234 1617 1365 1686 suiset

620 1731 900 1825 Morgensteruii
918 1730 1215 1802 annotationibus
1233 1733 1366 1816 instru-

615 1859 689 1932 cta,
720 1847 812 1941 typis
838 1848 1004 1942 repetivit
1036 1849 1061 1916 Ι.
1087 1844 1153 1914 Th.
1175 1849 1365 1942 Kreissig.‚

616 1961 762 2056 Lipsiae,
776 1959 813 2027 in
827 1961 875 2043 4⁰.

374 2080 466 2146 Anu.
492 2075 594 2147 1818.
613 2073 759 2170 Epicuri
776 2072 946 2169 reliquias
966 2072 1011 2143 ad
1025 2075 1162 2144 Rosinii
1172 2075 1365 2173 exemplar,

565 2203 568 2216 ’
616 2189 712 2256 notis
729 2201 869 2272 auctas,
907 2187 1047 2280 omissis
1079 2187 1211 2259 tabulis
1241 2194 1361 2271 reneis,

615 2299 728 2372 edidit
737 2304 790 2370 lo.
806 2303 914 2370 Conr.
925 2301 1089 2371 Orellius.
1108 2303 1252 2399 Lipsiae,
1266 2303 1301 2372 in
1310 2302 1360 2372 8⁰.

377 2423 466 2489 Anu.
493 2418 597 2503 1824.
619 2415 944 2486 Herculaneusium
994 2415 1250 2520 Voluminum¹
1280 2441 1363 2515 pars

617 2533 744 2628 prima.
770 2530 922 2620 Oxonii‚
949 2527 1155 2626 sumptibus
1181 2535 1363 2628 Typogra·

616 2643 701 2742 phei
720 2643 998 2714 clarendoniam
1016 2643 1280 2742 lithographice
1302 2671 1363 2715 ex·
1486 2691 1492 2702 ·

617 2757 771 2829 cudebat
800 2762 844 2828 N.
870 2757 1067 2830 Whittock.
1093 2763 1264 2832 Continet
1286 2760 1363 2831 haec

616 2877 733 2970 prima
750 2896 857 2969 pars=

624 3003 657 3064 1⁰
691 2989 874 3090 Φιλοδήμου
907 2997 975 3092 περὶ
1013 3009 1147 3083 κακιῶν,
1185 3003 1226 3066 26
1272 2997 1363 3083 col,

614 3137 651 3180 u.
681 3110 782 3180 1008.
799 3106 968 3203 Ejusdem
995 3113 1116 3209 operis
1142 3110 1234 3208 liber
1251 3137 1361 3210 quem

615 3249 659 3294 ex
675 3223 793 3294 indice
809 3213 1009 3295 Oxonierisi
1029 3250 1104 3294 non
1129 3240 1293 3298 enotasse
1313 3227 1363 3296 ait

614 3343 791 3410 Peterson.
814 3362 850 3434 p.
874 3363 914 3434 7,
942 3339 1072 3435 legitur
1093 3343 1130 3412 in
1161 3340 1246 3412 edit.
1269 3346 1362 3414 Nea·

617 3451 688 3549 pol.
704 3456 806 3522 Tom.
818 3455 887 3534 III,
905 3454 951 3537 ’14
977 3452 1044 3523 col.

617 3587 657 3635 2⁰
674 3568 832 3670 Ᾰνονύμον
848 3577 917 3671 περὶ
927 3583 1037 3672 ὀργῆς,
1058 3570 1101 3645 56
1123 3577 1209 3667 col.;
1228 3603 1264 3647 n.
1285 3577 1362 3649 182.

619 3687 656 3768 3⁰
674 3693 857 3793 Φιλοδήμου
872 3700 940 3792 περὶ
956 3713 1070 3769 κακιῶν
1083 3702 1135 3769 καὶ
1150 3703 1362 3796 ἀντικειμένων

617 3825 748 3916 ἀρετῶν.
785 3825 871 3890 Tres
905 3818 987 3890 libri
1019 3835 1165 3910 extant,
1184 3813 1188 3822 ’
1206 3837 1242 3893 et
1274 3823 1363 3893 editi

614 3959 700 4015 suut
746 3951 835 4015 Aet
869 3954 923 4032 Θ,
978 3944 1046 4016 col.
1090 3943 1157 4031 οδ,
1197 3945 1362 4044 Neapoli,

621 4059 722 4156 1827,
738 4057 839 4132 Tom.
861 4061 924 4155 ΙΙΙ,
940 4065 977 4132 in
993 4059 1084 4131 Fol⁰.
1099 4061 1252 4158 (Horum
1272 4061 1364 4131 alter

614 4173 659 4243 in'
673 4178 790 4247 Oxou.
816 4177 974 4274 Catalog.
990 4173 1026 4251 ri.
1044 4174 1134 4272 1675
1150 4178 1362 4275 insignitum
