3198 5288
367 556 490 613 LXVIII

366 704 588 801 Chrysippus
610 712 731 770 autem
762 721 895 771 nomen
915 695 1034 768 divisit
1062 699 1099 768 iu
1124 703 1303 796 pruprr'um
1326 715 1362 776 et

366 817 637 916 appellativum,
683 812 945 908 Antipaterque
999 815 1180 884 TarsensIs
1219 816 1362 915 'media

367 950 478 1007 tatem
529 929 697 1024 adjunxit
738 925 752 1014 (
762 925 851 1021 140).
896 928 1019 1016 Quum
1066 925 1218 1023 longum
1268 946 1361 1002 esset

367 1049 438 1118 huc
460 1043 591 1116 afferre
613 1065 741 1113 eorum
762 1039 962 1111 doctrinam
990 1039 1035 1111 de
1054 1043 1230 1112 orationis
1248 1049 1360 1142 parti*

366 1162 436 1234 bus
455 1163 468 1254 (
476 1159 574 1252 τήν),
597 1181 670 1226 non
686 1154 803 1230 abste
824 1169 945 1226 tamen
965 1179 1041 1228 esse
1060 1154 1256 1230 arbitratus
1279 1183 1359 1230 sum

408 1448 489 1530 (140)
510 1447 596 1524 Diog.
617 1447 711 1506 Laert.
738 1445 755 1505 ί.
780 1441 976 1516 1.,57ιτοῦδέ
994 1443 1072 1524 λόγου
1097 1443 1154 1507 έστι
1175 1443 1244 1528 μέρη
1267 1445 1359 1522 πέντε,

366 1549 402 1618 ὥς
415 1571 480 1631 ρησι
491 1535 617 1624 Διογένης
633 1566 661 1602 τε
685 1543 712 1600 ἐν
732 1544 771 1621 τῷ
787 1540 854 1622 Περὶ
876 1544 980 1624 φωνῆς,
1001 1540 1046 1600 καλ
1070 1540 1241 1625 Χρύσιππος·
1262 1543 1361 1626 όνομα,

365 1643 544 1729 προσηγορία,
567 1645 656 1723 ῥῆμα,
676 1637 835 1716 σύνδεσμος,
850 1637 953 1720 ἄρθρον.
965 1637 998 1700 Ὁ
1014 1637 1041 1698 δὲ
1058 1639 1225 1722 Ἀντίπατρος
1247 1641 1292 1702 καί
1312 1642 1360 1716 τήν

365 1741 498 1822 μεσότητα
505 1739 606 1812 τίθησιν
619 1738 645 1795 ἐν
657 1743 711 1802 τοῖς
725 1734 792 1817 Περὶ
803 1732 897 1804 λέξεως
904 1733 950 1794 καί
960 1733 1235 1816 λεγομένωνδῑοίοοε
1241 1740 1361 1800 ulterius

366 1857 534 1918 progressos
545 1834 633 1893 fuisse
644 1834 729 1890 docet
737 1832 857 1910 Dionys.
869 1833 971 1906 Halia,
980 1834 997 1891 l.
1009 1835 1028 1894 l.
1037 1854 1066 1912 p.
1080 1854 1126 1906 ao,
1134 1833 1180 1892 ed.
1190 1836 1302 1896 schaet:
1313 1827 1361 1898 εἶθ’

364 1939 387 1996 οί
396 1932 610 2016 μεταγενέστεροι
619 1928 653 1989 τόν
662 1928 976 2012 προσηγορικδιδιελόντες
984 1929 1361 2010 ἀπὸτῶνόνοματικῶν,πέντε

365 2032 532 2120 ἀπεφήναντο
543 2027 576 2090 τόν
587 2031 680 2111 πρῶτα
692 2027 770 2109 μέρη.
784 2026 893 2108 Ἕτερον
908 2026 935 2086 δὲ
949 2026 995 2087 καί
1005 2026 1052 2094 τὰς
1064 2029 1229 2107 ἀντωνυμίας
1246 2033 1360 2101 άποζεύ·

365 2130 454 2200 ξαντες
468 2125 521 2187 ἀπὸ
532 2129 583 2186 τῶν
596 2123 743 2203 ὀνομάτων,
756 2121 831 2183 ἕκτον
842 2132 971 2204 στοιχεῖον
986 2129 1065 2185 τοῦτο
1075 2125 1212 2199 ἐποίησαν.
1225 2129 1260 2188 Οί
1275 2126 1303 2194 δέ,
1315 2130 1360 2198 καί

364 2226 398 2298 τόν
413 2223 582 2308 ἐπιρρήματα
594 2224 688 2281 διεῖλον
701 2220 754 2280 ἀπὸ
762 2224 815 2280 τῶν
826 2220 961 2302 ῥημάτων,
971 2220 1016 2281 καί
1026 2221 1074 2290 τὰς
1087 2221 1238 2304 προσθέσεις
1245 2223 1299 2284 άπὸ
1308 2229 1361 2284 τῶν

364 2321 528 2402 συνδέσμων,
539 2320 584 2380 καί
596 2318 643 2386 τὰς
655 2318 770 2398 μετοχὰς
783 2318 836 2378 ἀπὸ
848 2321 900 2378 τῶν
916 2322 1170 2401 προσηγορικῶν.οί
1183 2319 1265 2381 δὲκαὶ
1281 2321 1362 2390 σίλλοις

363 2420 436 2495 τινάς
450 2419 597 2499 εἰσάγοντες
609 2416 693 2495 τομὰς
703 2463 711 2492 ,
722 2415 809 2476 πολλὰ
820 2416 854 2475 τὰ
866 2419 959 2499 πρῶτα
972 2415 1052 2500 μόρια
1062 2420 1109 2488 τῆς
1119 2415 1214 2488 λέξεως
1222 2417 1361 2500 ἐποίησαν,

365 2517 430 2600 ὑπὲρ
445 2507 481 2576 ὧν
494 2519 523 2576 οὗ
535 2514 627 2597 μικρὸς
638 2513 669 2572 διν
682 2513 723 2586 εἴη
735 2511 821 2593 λόγος.

406 2616 487 2696 (141)
508 2614 633 2674 Maxime
642 2611 804 2670 necessaria
812 2609 981 2688 subjiciam:

408 2709 440 2771 1⁰
461 2719 505 2772 De
540 2713 681 2781 Ανιίσνίο,
705 2710 790 2788 Diog.
817 2709 912 2768 Laert.
939 2709 959 2770 I.
984 2710 1014 2794 1,,
1037 2709 1194 2792 ὅθεᾶρθρον
1218 2711 1360 2772 terinos.

364 2819 435 2895 γἐῐον
458 2808 537 2887 λόγου
550 2806 692 2881 πτωτικδν,
705 2807 814 2889 διορίζον
831 2807 865 2866 vd
876 2807 938 2886 γένη
954 2810 1007 2867 τῶν
1022 2809 1222 2888 όνομάτων,καί
1231 2810 1291 2878 τοὺς
1300 2814 1359 2894 ἀρι-

365 2906 455 2986 θμοίις,
468 2897 530 2966 οἷον·
540 2910 564 2980 ὁ,
578 2910 612 2980 ἡ,
628 2902 667 2963 τό·
680 2906 714 2980 οἱ,
726 2907 764 2981 αί,
779 2903 823 2964 τά.
838 2906 881 2964 (Is.
895 2905 1039 2980 Schmidt,
1055 2908 1075 2966 l.
1086 2908 1103 2965 l.
1116 2928 1145 2985 p.
1160 2910 1262 2984 39-43.

407 3001 441 3062 2⁰
463 3006 507 3063 De
520 3005 724 3078 Appellatione
741 3016 769 3060 et
781 3005 913 3074 Nomine,
929 3003 1016 3082 Diog.
1033 3004 1128 3064 Laert.
1140 3004 1214 3064 ibid.
1232 3007 1288 3066 58:
1303 3003 1360 3072 ἔστι

366 3098 393 3158 δὲ
405 3097 567 3183 προσηγορία
580 3097 638 3176 μὲν,
649 3097 718 3158 κατὰ
729 3097 773 3166 τὸν
787 3096 925 3177 Διογένην,
939 3097 1017 3182 μέρος
1031 3098 1110 3180 λόγου
1126 3111 1257 3180 σημαῖνον.
1271 3104 1361 3176 κοινήν

366 3195 507 3268 ποιότητα·
517 3186 580 3269 οἷον,
592 3193 741 3276 ἄνθρωπος,
755 3195 843 3262 ἵππος.
853 3192 961 3274 Ὀνομοι
973 3195 1002 3256 δέ
1015 3199 1071 3255 έστι
1085 3197 1164 3281 μέρος
1174 3197 1253 3278 λόγου
1266 3201 1361 3274 δηλοῦν,

367 3293 435 3352 ἰδίαν
449 3290 594 3364 ποιότητα·
606 3282 670 3367 οἷον,
684 3291 826 3371 Διογένης·
840 3293 994 3370 Σωκράτης.
1004 3295 1048 3355 Cf.
1065 3295 1196 3356 Schmidt
1207 3297 1225 3355 l.
1235 3297 1253 3354 l.
1266 3317 1296 3374 p.
1315 3301 1363 3366 ήδ-

368 3401 415 3460 44.
424 3391 559 3468 Quinque
573 3410 656 3448 casus
666 3391 870 3465 distinxerunt,
883 3404 954 3450 teste
963 3392 1047 3470 Diog.
1056 3392 1151 3450 Laert.
1161 3392 1275 3465 lih.vl1‚
1292 3413 1362 3468 ¹923

367 3487 419 3546 ubi
445 3488 534 3546 tradit
564 3486 760 3568 Chrysippum
780 3490 927 3569 scripsisse
953 3487 1021 3570 Περὶ
1050 3488 1128 3550 πέντε
1150 3487 1299 3562 πτώσεων,
1326 3488 1360 3548 α’.

367 3588 548 3664 Quamquam
565 3607 624 3644 non
645 3598 689 3655 est
709 3587 908 3658 diffitendum,
923 3586 996 3650 ibid.
1008 3588 1057 3658 65,
1080 3599 1137 3646 tres
1159 3598 1271 3644 tantum
1284 3585 1363 3662 obli÷¹

368 3703 443 3762 quos
468 3703 550 3742 casus
566 3703 793 3752 commemorare
816 3685 963 3747 Dioclem:
985 3682 1098 3762 πλάγιαι
1118 3681 1145 3742 δὲ
1168 3678 1283 3752 πτώσεις
1296 3684 1359 3748 siri·

367 3777 458 3860 γενικὴ
464 3824 473 3853 ,
497 3779 543 3838 καὶ
562 3779 670 3854 δοτική,
695 3780 739 3843 καλ
762 3780 907 3860 αἰτιατική,
926 3780 977 3840 ubi
993 3779 1221 3842 sidobrandim
1245 3809 1257 3833 ο
1271 3784 1363 3848 Vocas

369 3905 382 3930 ι
398 3879 475 3936 tivus
500 3890 529 3935 et
554 3878 705 3938 ablativus
730 3899 787 3937 nou
813 3877 948 3954 videntur
976 3899 992 3936 a
1016 3878 1203 3940 Nominativo
1226 3879 1361 3950 differre,

368 3976 449 4034 «nisi
478 3973 650 4052 adjectione.
681 3975 865 4035 Nominativo
896 3975 973 4042 enim
1000 3973 1118 4033 additur
1152 3976 1273 4036 vocandi
1299 3996 1363 4056 pars

368 4099 379 4121 a
398 4073 483 4131 ticuia
501 4085 530 4130 et
552 4072 699 4132 auferendi
722 4073 908 4150 praepositi0‚
933 4085 965 4130 ut
977 4072 1157 4132 Nominativi
1175 4074 1362 4152 significatio·

368 4198 380 4221 «ι
394 4191 460 4230 nem
476 4169 619 4250 deponat,
642 4184 670 4228 et
686 4170 730 4228 vei
747 4170 875 4230 vocativi
902 4171 948 4228 vel
973 4166 1098 4232 ibtarivi
1123 4172 1295 4250 suscipiat.»
1317 4172 1363 4234 CII
