3174 5284
421 563 488 651 146
733 565 1088 638 ANNUI'ATIONES

415 717 461 788 οὑν
473 725 609 810 θρίγεσθαι
623 729 663 787 δεῖ
675 726 736 796 τοὺς
748 728 945 812 προτρέποντας
955 729 1001 792 κάὶ
1009 729 1216 814 θπατρίποντας,
1229 733 1314 796 ταῦτά
1324 737 1406 798 θστιιι

413 824 573 906 Ὁρίσασθαι
587 825 614 886 δὲ
629 825 791 908 πειράσομαι
813 826 913 888 τούτων
927 827 1039 889 ἕκαστον
1054 829 1081 889 τί
1096 832 1178 906 ἐστιν,
1194 829 1243 892 καί
1255 831 1339 904 δεῖξαι
1352 833 1406 894 πύ-

412 927 455 982 θεν
475 925 560 982 αὐτῶν
585 925 622 992 είς
635 922 696 991 τοὺς
710 921 802 1004 λόγους
827 924 1019 1008 εὐπορήσομεν.
1039 924 1147 988 Δίκαιον
1170 924 1218 1006 μὲν
1236 919 1281 987 οὑν
1297 931 1354 989 ἐστι
1375 929 1407 990 εδ

411 1021 464 1078 τῶν
487 1019 612 1080 ἁπάντων
632 1017 650 1092 ἢ
670 1019 702 1080 τδ
719 1023 771 1081 τῶν
791 1019 923 1081 πλείστων
943 1021 998 1089 ἔθος
1020 1022 1137 1106 ἄγραφον
1155 1023 1264 1106 διορίζον
1279 1024 1314 1085 πθ
1335 1025 1405 1086 καλθ

411 1115 456 1175 καί
476 1112 512 1175 τὰ
532 1116 638 1200 αἰσχρά·
659 1119 737 1177 τοῦτο
754 1115 778 1176 δ’
797 1117 854 1178 ἓστλ
875 1117 934 1186 τούς
956 1117 1047 1198 γονέας
1070 1126 1172 1202 τιμᾷν,
1201 1115 1247 1180 καί
1267 1119 1357 1204 φίλους
1375 1111 1407 1181 εὑ

409 1223 513 1291 ποιεῖν,
537 1213 584 1273 καί
602 1223 657 1284 τοῖς
671 1212 818 1299 εὐεργέταις
833 1214 913 1298 χάριν
929 1215 1091 1277 ἀποδιδόναι.
1109 1217 1204 1278 Ταῦτα
1224 1213 1275 1299 γθιρ
1303 1218 1348 1277 καλ
1370 1217 1405 1278 τδ

407 1309 508 1380 τούτοις
521 1309 601 1390 ὅμοια
617 1313 647 1372 οὑ
662 1316 856 1394 προστάττουσι
870 1322 924 1382 τοῖς
951 1313 1098 1395 ἀνθρώποις
1118 1315 1143 1374 οί
1163 1314 1342 1397 γεγραμμένοι
1358 1317 1404 1375 νό-

408 1432 455 1487 μοι
475 1417 581 1486 ποιεῖν,
608 1407 669 1468 ἀλλ’
694 1407 747 1468 ἔθει
769 1408 881 1492 ἆχρθρῳ
903 1408 949 1468 καί
972 1411 1053 1491 κοινῷ
1076 1407 1151 1494 νόμιρ
1172 1410 1315 1489 νομίζεται.
1337 1413 1402 1472 Non

405 1507 489 1566 aliter
511 1507 626 1586 Syrian.
652 1507 749 1568 Schnl.
770 1508 802 1566 iu
820 1509 956 1586 Hermog.
977 1509 1020 1567 De
1034 1507 1183 1567 statibus:
1201 1507 1309 1568 Εῖδέναι
1337 1507 1402 1591 χρὴ,

405 1603 518 1665 ὅτιτῶν
539 1604 769 1684 συμὺουλευτικῶν
793 1591 954 1685 ’ζητημάτων
976 1605 1004 1664 αί
1026 1604 1161 1673 ὑποθέσεις
1187 1603 1253 1664 εἶσλν
1274 1602 1349 1684 αἵδε,
1369 1604 1402 1666 τθ

405 1701 527 1778 δίκαιον,
549 1701 580 1761 τδ
594 1700 747 1785 συμφέρον,
771 1701 803 1762 τδ
824 1701 953 1780 δυνατδν,
967 1701 998 1761 τὸ
1012 1699 1119 1786 ῥᾴδιον,
1133 1700 1165 1762 τδ
1189 1703 1348 1782 ᾶναγκαῖον,
1369 1701 1400 1761 τδ

405 1798 551 1874 ἀκίνδυνον,
566 1799 597 1859 τδ
610 1798 710 1874 καλὸν,
724 1798 755 1860 τδ
769 1797 889 1874 εύσεὺἑς,
902 1799 933 1858 τὸ
946 1797 1036 1875 ὅσιον,
1049 1789 1082 1858 τδ
1095 1796 1163 1876 ἡδύ,
1185 1798 1231 1858 καί
1244 1796 1280 1859 πθ
1294 1797 1399 1859 ἐναντία

403 1895 514 1963 τούτοις·
536 1897 581 1956 καί
601 1899 626 1955 οἱ
649 1894 770 1976 μέγιστοι
792 1897 839 1956 καλ
861 1899 961 1977 πρῶτοι
974 1895 1051 1956 τόποι
1066 1887 1147 1956 οὑτοι.
1167 1897 1221 1957 nh.
1239 1915 1284 1976 gr.
1305 1898 1398 1956 Walz.

404 2007 424 2052 t.
441 1991 491 2066 tv,
510 2013 540 2072 p.
554 2013 622 2067 701.
637 1993 739 2072 Neque
759 2005 803 2052 est
827 1991 909 2072 quod
930 1993 1071 2052 miremur
1083 2013 1092 2065 ς
1106 1993 1168 2051 haen
1183 1994 1262 2052 enim
1278 1994 1339 2053 duo
1349 2012 1399 2074 ge-

402 2111 473 2152 nera
497 2090 573 2150 inter
596 2109 627 2149 se
648 2090 820 2170 cognatione
849 2089 975 2168 quadam
1000 2087 1138 2169 conjungi
1166 2089 1253 2149 docet
1276 2092 1398 2152 Aristot.

402 2187 488 2248 Rhet.
502 2187 527 2264 l,
545 2207 581 2266 9:
604 2184 686 2268 Ἔχει
700 2184 728 2245 δθ
744 2185 830 2245 κοινὸν
847 2175 914 2254 εἶδος
934 2191 948 2247 θ
963 2185 1069 2254 ἔπαινος
1088 2185 1133 2248 καλ
1149 2188 1177 2247 αί
1191 2187 1360 2268 συμὺουλαί·
1376 2188 1394 2248 θ

402 2283 454 2368 χᾷρ
469 2285 497 2344 ἔν
512 2287 552 2366 τῷ
568 2281 756 2364 συμὺουλεύειν
773 2284 880 2343 ὑποθοῖο
905 2281 953 2360 θν,
975 2289 1058 2343 ταῦτα
1074 2283 1297 2364 μετατεθέντατῇ
1319 2284 1396 2360 λιἝει,

300 2413 304 2426 ι
402 2381 522 2464 ἐγκώμια
534 2379 661 2462 γίγνεται.
677 2379 757 2441 Ἐπεί
771 2371 816 2441 οὑν
832 2379 928 2462 ἔχομεν
943 2379 961 2440 δ
976 2384 1015 2442 δεῖ
1025 2381 1171 2464 πράττειν,
1190 2382 1236 2443 καλ
1248 2381 1323 2444 ποῖόν
1337 2406 1396 2443 τινα

401 2471 486 2556 εἶναι,
508 2479 547 2540 δεῖ
564 2485 648 2539 ταῦτα
666 2479 702 2546 ὡς
721 2477 855 2551 ὑποθήκας
867 2478 1009 2558 λέγοντας,
1028 2503 1062 2561 τη
1077 2477 1146 2550 λίξει
1168 2477 1337 2560 μετατιθέναι
1349 2480 1395 2541 καλ

402 2574 537 2659 στρίρειν·
553 2567 622 2654 οἷον,
636 2575 677 2636 ὅτι
690 2578 719 2636 οὑ
733 2577 772 2636 δεῖ
790 2575 861 2658 μέγα
883 2585 985 2660 ρρονεῐν
1007 2575 1052 2638 ἐπί
1067 2585 1120 2644 τοῖς
1143 2576 1186 2638 διθι
1204 2575 1307 2659 τύχην,
1326 2577 1394 2638 θλλθ

400 2681 455 2741 τοῖς
476 2673 509 2731 δι’
521 2669 610 2732 αὑτθν.
623 2670 706 2733 Οὑτω
721 2671 774 2751 ’μίν
789 2663 834 2732 οὑν
855 2671 965 2754 λεχθὲν,
987 2671 1123 2747 ὑποθήκην
1151 2671 1279 2734 δύναται·
1292 2673 1341 2734 ὡδὶ
1360 2675 1394 2750 δ’,

400 2765 517 2830 ίπαινον·
533 2755 603 2849 μίγα
616 2770 732 2852 φρονῶν,
743 2770 774 2829 οὑ
785 2778 840 2836 τοῖς
852 2768 896 2830 διθι
909 2769 994 2852 τύχην
1013 2769 1187 2854 ὑπάρχουσιν,
1204 2769 1274 2831 ἀλλδι
1287 2780 1342 2842 τοῖς
1360 2771 1396 2831 δι’

400 2865 478 2927 αὑτόν
512 2868 570 2927 κτλ.
600 2867 633 2926 ln
657 2868 710 2926 Ms.
735 2867 882 2946 quaedam,
918 2889 947 2928 v.
970 2870 1030 2943 πθ,
1054 2869 1139 2928 valde
1170 2869 1392 2928 adulterantur:

401 2967 708 3048 utentum
736 2969 778 3047 c.
802 2985 917 3045 Posui:
941 2983 1126 3054 ιπιιιιςιιῑς
1146 3031 1154 3059 ,
1172 2995 1204 3044 u
1227 2987 1324 3046 omnia
1340 3007 1388 3085 ιι

398 3090 534 3150 haereant,

824 3335 958 3360 *-

692 3541 921 3640 conuuuu'
959 3569 1085 3639 xxnx.

435 3802 469 3860 V.
482 3799 558 3867 αὩς
576 3798 635 3866 θνος
653 3796 782 3881 λύρας...
798 3798 950 3873 menius,
975 3817 1006 3877 p.
1025 3798 1093 3870 384,
1110 3797 1157 3857 ed.
1173 3796 1288 3858 Walu:
1308 3793 1390 3862 Ὀνος

393 3897 473 3982 λύρας
488 3896 590 3958 θκούων
604 3904 671 3956 κινεῖ
683 3893 718 3955 τδι
732 3883 803 3954 ὦτα.
816 3937 824 3954 .
835 3893 932 3955 ..Ἐπὶ
943 3897 996 3954 τῶν
1010 3893 1174 3954 ἀπαιδεύτων
1188 3893 1207 3968 ἢ
1221 3897 1276 3955 τῶν
1288 3915 1387 3974 συγκα-

381 3993 554 4078 ,ταθεμίυωη
567 3991 635 4074 μηδὲ
647 3990 830 4054 ίποινούντων.
844 3992 952 4054 Eadem
959 3991 1046 4052 donet
1056 3991 1212 4070 Gaissord.,
1224 3992 1384 4054 Paroemio·

391 4092 494 4172 guph.
524 4091 617 4152 Graan.
639 4091 735 4150 Oxou.
756 4090 903 4168 Frequens
931 4089 1061 4148 occurrit
1092 4089 1149 4148 hoc
1175 4087 1382 4167 proverbium:

391 4190 523 4248 (λεπιαιιτ
539 4186 692 4249 Alexandr.
709 4187 845 4246 stromat.
860 4187 884 4260 1,
900 4205 929 4263 p.
948 4205 1023 4259 τρο,
1039 4182 1277 4256 od.Panis.:1tt‚
1292 4182 1385 4264 ρησῖν,
