3198 5288
401 564 494 622 LVIII

401 745 476 790 non
514 721 674 818 scripsit,
707 720 923 793 Posidonius
949 721 994 792 de
1022 722 1237 833 Elocutione
1274 721 1305 817 (ι
1321 722 1395 817 ιο),

401 837 514 908 Chius
539 839 683 907 Ariston
719 837 766 908 de
803 838 912 910 chriis
936 853 973 909 et
1001 841 1039 909 in
1067 839 1244 910 Rhetores
1276 827 1412 934 (111);¹

401 951 594 1024 Cleanthes
612 965 648 1023 et
664 953 902 1052 Chrysippus,
924 955 969 1026 de
981 954 1171 1027 Rhetorica
1190 955 1221 1049 (r
1235 955 1304 1052 ιο).
1328 961 1397 1028 Το-

401 1201 539 1285 Μαργίτου
553 1202 591 1262 st.
609 1205 688 1264 Δοκεῖ
708 1205 760 1285 γὰρ
778 1205 824 1263 καὶ
839 1208 918 1264 τοῦτο
936 1203 967 1264 τὸ
978 1204 1083 1283 ποίημα
1104 1203 1156 1264 ὑπὸ
1175 1203 1297 1287 Ὁμήρου
1315 1227 1396 1284 γεγο·

401 1298 472 1358 νένιιι
487 1298 615 1382 νεωτέρου
626 1300 671 1360 καὶ
691 1300 908 1382 ἀποπειρωμένου
926 1306 974 1374 τῆς
987 1303 1067 1362 αὐτοῦ
1079 1301 1183 1385 ρύσεως
1197 1301 1263 1383 πρὸς
1277 1301 1394 1374 ποίησιν.

441 1395 521 1474 (110)
539 1397 623 1475 Diog.
639 1397 743 1468 Laert,
764 1396 848 1466 ibid,
874 1399 932 1456 60:
948 1400 1009 1465 ὣςο
1025 1395 1201 1464 Ποσειδώνιός
1218 1421 1297 1480 φησιν
1311 1399 1339 1458 ἐν
1359 1401 1394 1478 τῇ

402 1490 470 1570 Περὶ
484 1489 586 1560 Λέξεως
604 1493 748 1579 εἰσαγωγῇ.

442 1587 523 1667 (ιιι)
535 1589 625 1664 Idem,
644 1588 733 1660 ibid,
748 1590 813 1648 163.

442 1684 467 1762 (ι
476 1682 521 1763 ιο)
544 1687 705 1763 Utrumque
719 1686 812 1763 carpit
823 1687 881 1746 Cic.
897 1689 941 1745 De
954 1685 1048 1745 Finib.
1065 1688 1118 1759 lv,
1134 1687 1171 1746 3:
1192 1688 1398 1764 «Quamquam

402 1779 516 1857 scripsit
537 1793 627 1839 artem
648 1782 822 1840 rhetoricam
837 1783 1001 1854 Cleanthes,
1019 1783 1200 1861 Chrysippus
1220 1783 1327 1854 etiam;
1346 1784 1398 1842 sed

402 1876 443 1933 sic
468 1888 516 1946 nt,
538 1878 561 1934 si
584 1878 649 1956 quis
670 1877 872 1938 obmutescere
895 1880 1096 1959 concupierit,
1115 1879 1186 1938 nihil
1206 1879 1283 1940 aliud
1305 1881 1400 1958 legere

402 1970 515 2030 debeat.
529 1999 541 2026 ν
555 1975 758 2054 Chrysippum
774 1976 887 2034 lacessit
904 1975 1034 2048 Fronto,
1056 1995 1088 2054 p.
1098 1975 1155 2049 ἰ86,
1170 1975 1214 2034 ed.
1241 1975 1399 2038 Niebuhr:

402 2069 537 2146 «Evigila
552 2083 581 2129 et
597 2072 723 2129 adtende
744 2073 815 2150 quid
830 2073 928 2151 cupiat
948 2074 1012 2152 ipse
1029 2074 1218 2151 Chrysippus.
1240 2074 1315 2132 Num
1331 2092 1402 2130 con-

403 2177 499 2224 tentus
512 2181 558 2226 est
570 2167 689 2240 docere,
706 2188 767 2228 rem
784 2167 955 2240 ostendere,
971 2167 1114 2246 definire,
1134 2169 1310 2246 explorare?
1334 2168 1400 2227 Non

402 2273 447 2320 est
466 2276 638 2336 contentus,
664 2281 763 2322 verum
787 2277 873 2342 auget
887 2265 916 2323 in
937 2277 1076 2342 quantum
1093 2277 1209 2342 potest,
1236 2277 1402 2342 exaggerat,

402 2360 573 2437 praemunit,
586 2342 682 2432 iterat,
697 2361 806 2433 differt,
825 2363 963 2433 recurrit,
978 2362 1149 2440 interrogat,
1166 2360 1313 2432 describit,
1328 2361 1401 2418 divi·

402 2453 454 2528 dit,
470 2475 609 2532 personas
630 2457 722 2535 fingit,
737 2458 896 2516 orationem
910 2477 991 2515 suam
1009 2457 1057 2515 alii
1071 2457 1299 2516 accommodat.»
1311 2458 1401 2528 Eum,

403 2552 479 2623 dem,
493 2567 615 2632 proptor
637 2555 777 2612 orationis
789 2553 1014 2626 obscuritatem,
1028 2554 1185 2614 subsannat
1204 2554 1326 2632 Epictet
1337 2573 1401 2632 cap.

403 2649 509 2724 XLIX,
533 2653 577 2710 ed.
593 2653 713 2728 Coray.:
732 2649 795 2710 ὅταν
807 2674 847 2718 τις
857 2651 901 2711 ἐπὶ
911 2654 952 2732 σῷ
968 2661 1036 2711 νοεῖν
1049 2651 1095 2711 καὶ
1108 2651 1256 2730 ἐξηγεῖσθαι
1273 2649 1403 2710 δύνασθαι

402 2746 437 2806 τὰ
454 2748 612 2833 Χρυσίππου
625 2749 717 2829 βιύλίοι
730 2748 901 2826 σεμνύνηται,
927 2748 988 2827 λέγε
1008 2748 1085 2816 αὐτὸς
1097 2748 1162 2830 πρὸς
1185 2748 1287 2818 ἑαυτὸν,
1306 2746 1398 2824 &ati

404 2848 442 2926 μὴ
454 2843 609 2930 Χρύσιππος
626 2849 734 2928 ἀσαφῶς
745 2846 895 2927 ἐγεγράφει,
914 2844 987 2905 οὐδὲν
1008 2843 1040 2904 ἂν
1054 2835 1125 2925 εἶχεν
1147 2836 1220 2911 οὗτος
1242 2835 1317 2927 ἐρίἷ)
1333 2863 1399 2922 σεμ-

403 2944 522 3018 νύνηται.
552 2943 626 3021 Ἐγὼ
641 2940 668 3000 δέ
691 2941 718 3001 τί
729 2941 876 3024 βούλομαι;
903 2946 1077 3020 Καταμαθιῖν
1092 2940 1141 3014 τὴν
1156 2940 1244 3023 φύσιν,
1259 2941 1305 3000 καὶ
1316 2940 1399 3020 παύση

403 3042 520 3102 ἕπεσθαι.
537 3043 617 3112 Ζητῶ
634 3031 680 3098 σύν
695 3037 736 3107 τίς
751 3042 822 3098 ἐστιν
841 3043 856 3098 ὁ
875 3037 1061 3118 ἐξηγούμενος,
1077 3038 1123 3098 καὶ
1142 3037 1258 3105 ἀκούσας
1274 3037 1315 3096 ὅτι
1327 3035 1399 3119 Χρύ-

404 3163 518 3212 σιππος,
541 3135 655 3218 ἔρχομαι
670 3135 735 3218 πρὸς
752 3135 846 3195 αὐτόν·
872 3136 929 3196 ἀλλ’
945 3138 976 3194 οὒ
990 3138 1042 3195 νοῶ
1062 3133 1096 3194 τὰ
1116 3133 1296 3218 γεγραμμένα.
1318 3137 1399 3206 Ζητῶ

404 3230 448 3296 σύν
470 3235 514 3294 τὸν
537 3232 728 3312 ἐξηγούμενον,
753 3233 799 3292 καὶ
821 3233 902 3315 μέχρι
922 3231 1023 3292 τούτων
1045 3231 1140 3312 σεμνὸν
1156 3231 1243 3292 οὐδέν.
1268 3230 1356 3290 Ὅταν
1367 3229 1406 3288 δὲ’

406 3332 473 3414 εύρω
487 3332 532 3391 τὸν
553 3328 742 3411 ἐξηγούμενον,
763 3330 936 3390 ἀπολείπεται
955 3335 1072 3410 χρῆσθαι
1092 3339 1145 3396 τοῖς
1164 3326 1399 3410 παρηγγελμένοις·

404 3435 481 3488 τοῦτο
502 3429 567 3488 αὐτὸ
583 3426 661 3506 μόνον
676 3427 774 3506 σεμνόν
786 3431 867 3487 ἐστιν.
888 3425 935 3486 Ἂν
951 3426 980 3485 δὲ
1001 3427 1066 3486 αὐτὸ
1078 3432 1174 3500 τοῦτο,
1194 3424 1226 3483 τὸ
1241 3422 1400 3500 ἐξηγεῖσθαι,

404 3526 544 3604 θαυμάσει,
556 3524 583 3583 τί
597 3525 663 3584 ἄλλο
673 3523 691 3596 ἢ
703 3524 889 3608 γραμματικὸς
900 3521 1079 3595 ἅπετελέσθην
1090 3521 1149 3580 ἀντὶ
1163 3517 1400 3602 ριλοσύρου;πλήν

405 3645 435 3700 γε
447 3620 490 3696 δὴ,
504 3619 545 3680 ὅτι
565 3621 625 3681 ἀντὶ
638 3619 760 3704 Ὁμήρου
772 3620 929 3703 Χρύσιππον
943 3619 1124 3698 ἐξηγούμενος.
1138 3618 1249 3677 Μᾶλλον
1264 3607 1320 3689 σύν,
1336 3614 1399 3674 ὅταν

405 3743 443 3785 τις
457 3718 519 3800 εἴπῃ
535 3742 587 3797 μοι·
603 3718 771 3797 ἐπανάγνωθί
790 3741 837 3796 μοι
851 3716 1025 3798 Χρύσιππον1
1044 3718 1169 3797 ἐρυθριῶ,
1183 3711 1246 3772 ὅταν
1262 3712 1299 3792 μὴ
1315 3712 1400 3774 δύνω-

407 3840 456 3895 μαι
472 3815 551 3895 ὅμοιοι
566 3816 600 3876 τὰ
618 3814 683 3897 ἔργα
703 3815 750 3876 καὶ
769 3815 899 3896 σύμφωνα
914 3811 1087 3873 ἐπιδεικνύειν
1101 3820 1155 3878 τοῖς
1164 3808 1260 3890 λύγοις.

453 3914 637 3973 Rhetoricam
661 3926 783 3990 uterque
813 3910 969 3971 definiebat
994 3913 1140 3968 scientiam
1172 3925 1246 3968 recte
1274 3911 1399 3977 dicendi,

406 4012 542 4083 Quinctil.
556 4012 602 4082 II,
621 4011 666 4068 15.
688 4009 846 4086 Chrysippi
870 4009 1029 4086 fragmenta
1050 4007 1162 4087 praebet
1184 4007 1329 4067 Plutarch.
1355 4006 1400 4064 De

409 4111 537 4187 Repugn.
552 4107 642 4167 Stoic.
659 4107 721 4177 t.V‚
734 4127 764 4183 p.
779 4109 846 4178 213,
864 4106 908 4165 ed.
921 4104 1078 4182 Wyttenb.
1089 4127 1096 4164 ι
1108 4103 1266 4188 Χρύσιππον
1278 4101 1307 4162 δὲ
1319 4101 1400 4163 πάλιν

408 4205 435 4262 ἐν
452 4207 490 4282 τῷ
509 4203 576 4284 Περὶ
597 4205 735 4281 ῥητορικῆς
756 4201 863 4283 γράφων
882 4200 974 4260 «obeo
995 4201 1161 4283 pauperinus
1176 4201 1221 4260 καὶ
1242 4197 1399 4258 πολιτιύσε·
