3174 5284
451 537 677 614 COLUMNA
701 543 848 612 XXXII.
1096 539 1142 610 65

367 741 473 812 finire
509 739 569 810 illa
600 761 680 835 quae
707 736 880 826 omnibus
909 736 1012 808 utilia
1040 752 1144 829 sunt3

371 911 495 978 tertias
530 902 575 976 ad
617 905 770 974 virtutes
810 902 949 973 hortari
984 918 1096 1000 atque
1125 929 1146 974 a

369 1075 465 1143 vitiis
481 1081 654 1158 avertere.
673 1071 728 1139 De
759 1066 924 1161 judiciali
941 1067 1090 1166 quidem
1110 1086 1146 1140 et

371 1234 606 1307 deliberativo
636 1258 766 1332 genere
806 1233 924 1304 dicere
968 1210 1012 1304 in⁸
1047 1235 1146 1307 aliud

373 1421 518 1502 tempus
536 1406 649 1500 magis
665 1401 836 1503 idoneum
852 1400 1018 1474 differam
1034 1403 1148 1498 (nam-

372 1590 448 1663 que
461 1564 513 1635 illi
530 1563 574 1635 de
587 1563 643 1634 his
661 1564 854 1660 generibus
866 1570 904 1634 in
911 1565 1059 1636 Artibus
1073 1570 1148 1637 suis

374 1732 578 1828 loquaciter
601 1729 646 1801 ad
667 1711 868 1802 satietatem
886 1756 1004 1830 usque
1022 1731 1147 1803 eadem

376 1894 595 1992 disserunt);
618 1921 716 1968 nunc
729 1896 807 1998 ¹hoc
821 1899 1077 1970 tantummodo
1092 1901 1152 1971 ad·

376 2064 481 2155 dam,
507 2063 686 2160 sophistas
704 2064 741 2136 id
761 2067 863 2164 quod
881 2092 965 2140 vere
983 2069 1152 2165 judiciale

380 2249 529 2307 estnon
562 2233 740 2335 appellare
767 2233 937 2328 judiciale
962 2235 1151 2335 (profecto

378 2422 400 2468 a
449 2394 632 2469 nonnullis
687 2399 911 2496 contrarium
970 2396 1151 2494 audient),

377 2572 449 2645 sed
502 2568 756 2664 δικαστηριακόν,
815 2567 1043 2665 eosdemque
1090 2570 1154 2640 do-

340 2757 342 2762 '
381 2765 462 2812 cere
516 2761 629 2836 genus
689 2735 984 2818 deliberativum,
1011 2739 1154 2810 univer-

383 2931 429 2977 sae
470 2908 606 2976 civitati
644 2901 849 2989 consulere,
900 2927 975 2974 non
1015 2903 1156 2974 civibus

383 3070 591 3169 singulatim
610 3068 655 3140 de
674 3067 874 3165 rebusquae
887 3069 931 3139 ad
947 3069 1091 3141 beatam
1107 3073 1158 3139 vi·

383 3252 457 3308 tam
476 3237 687 3322 conserunt,
704 3259 750 3307 ne
769 3249 891 3334 aperte
922 3239 1155 3308 mentiantur.
1244 3227 1248 3234 ’

384 3402 536 3474 Affirmo
548 3407 660 3498 igitur
669 3401 760 3488 illos,
769 3425 884 3497 quum
894 3401 964 3472 hoc
973 3407 1052 3473 vitae
1061 3406 1159 3474 insti-

390 3586 513 3642 tutum
526 3570 683 3669 amplexi
699 3583 795 3658 sunt,
821 3544 979 3666 primum
997 3569 1159 3643 sibimet·
1217 3571 1219 3578 '

386 3741 472 3836 ipsis
485 3761 597 3835 quam
613 3739 768 3834 pessime
782 3734 1015 3822 consuluisse,
1030 3735 1160 3808 deinde

386 3929 473 3976 vero
498 3903 604 3976 nobis
632 3918 741 4000 atque
768 3905 1012 3974 communiter
1044 3907 1160 3976 omni·

347 4131 349 4134 .
387 4069 457 4141 bus
473 4070 624 4160 civibus,
645 4068 690 4139 de
704 4070 747 4139 iis
765 4094 844 4166 quae
859 4069 1092 4166 pertinentad
1104 4094 1160 4140 res
1196 4105 1198 4112 ·

973 4253 1011 4319 ¹7
