3198 5288
1132 565 1181 620 LV

189 737 268 786 rum
307 717 547 814 peritissimus
585 713 675 813 (95).
714 715 874 812 Magistri
911 723 969 788 sui
999 719 1182 816 exemplo.

187 827 328 922 scripsit
349 825 396 896 de
420 823 615 897 Rhetorica
636 823 726 920 (96).

233 945 355 1010 Strato
369 945 651 1038 Lampsacenus,
665 942 728 1036 qni
744 942 781 1009 in
801 940 923 1011 locum
940 941 1180 1041 Theophrasti

189 1056 309 1144 venit,
347 1069 477 1126 natura
515 1053 634 1126 luerat
668 1053 715 1125 ad
758 1054 1004 1152 eloquentiam
1040 1059 1182 1155 optime

189 1173 410 1268 compositus
431 1169 527 1268 (97);
559 1171 718 1268 physicis
739 1185 860 1242 autem
885 1170 996 1244 rebus
1019 1173 1182 1244 animum

190 1287 374 1384 applicuit.
392 1289 486 1358 Huic
503 1289 677 1358 antecessit
692 1291 810 1381 Lyco,
824 1311 900 1356 non
920 1293 1039 1358 minus
1061 1289 1183 1359 valens

188 1401 398 1498 eloquentia
416 1401 510 1498 (98);
529 1425 650 1498 noque
671 1399 825 1472 dubium
844 1417 899 1472 est
919 1404 1009 1498 quin
1028 1405 1182 1500 scripse·

189 1519 236 1585 rit
261 1515 447 1612 quadam,
478 1519 546 1586 etsi
574 1515 730 1586 multum
749 1529 827 1588 erat
855 1514 1103 1587 inscribendo
1127 1517 1183 1586 sui

189 1631 368 1702 dissimilis
401 1631 491 1728 (99).
536 1637 673 1702 Graves
707 1633 739 1701 ei
768 1629 966 1702 simultates
1009 1632 1183 1702 interces-

189 1762 314 1818 serunt
347 1771 431 1818 cum
470 1748 714 1843 Hieronymo,
745 1745 907 1840 ejusdem
934 1760 1038 1817 sectae
1053 1745 1183 1843 ‚philo-

190 1860 306 1958 sopho
334 1859 453 1956 (ιοο),
481 1858 614 1957 quide
643 1862 760 1957 poetis
779 1859 884 1954 (ror)
910 1875 947 1929 et
975 1858 1183 1931 oratoribus

226 2071 289 2149 (9⁵)
310 2072 480 2131 sennan.
497 2071 651 2149 apologet.
669 2069 802 2147 §xun
909 2048 923 2070 ”

227 2170 287 2245 (96)
299 2169 384 2246 ttiog.
397 2170 491 2228 Laert.
506 2169 525 2226 l.
536 2169 566 2236 l.‚
581 2169 690 2226 8081:
703 2167 738 2226 rh
751 2164 799 2243 δὲ,
813 2166 955 2249 ῥητορικά·
971 2167 1141 2249 δημηγοριῶν
1154 2189 1184 2224 τε

188 2265 233 2323 καὶ
252 2265 399 2347 πρισὸειῶν
411 2288 418 2301 ·
430 2263 500 2324 ἀλλὰ
515 2262 568 2342 μὴν
588 2263 633 2323 καὶ
647 2261 732 2342 λόγων
743 2263 902 2324 Αἰσωπείων
918 2263 1100 2341 συναγωγαὶ...
1122 2262 1184 2344 περὶ

189 2364 345 2444 ῥητορικῆς,
360 2360 396 2436 α’,
409 2360 444 2440 β’.
457 2359 666 2444 Πρεσόευτιιιδς,
679 2359 713 2420 α’.
725 2359 793 2441 Περὶ
806 2360 935 2434 πίστεως,
947 2358 981 2418 α’.
993 2359 1061 2441 Περὶ
1076 2361 1183 2440 χρειῶν,

189 2457 226 2518 α’.
244 2462 288 2518 De
303 2460 498 2518 Demosthene
516 2460 599 2517 illum
612 2458 761 2536 scripsisse
779 2459 875 2516 innuit
893 2460 1013 2534 Dionys.
1026 2457 1119 2517 llalic.
1140 2458 1183 2514 De

189 2557 356 2616 admiranda
372 2558 404 2616 vi
433 2557 548 2616 dicendi
568 2558 598 2614 in
610 2555 797 2625 nem.‚L111:
814 2553 860 2614 καὶ
877 2554 929 2636 γὰρ
943 2553 978 2613 τὰ
997 2555 1070 2626 πάδη
1087 2552 1122 2613 rh
1136 2555 1184 2625 τῆς

190 2656 291 2733 φωνῆς,
304 2651 350 2710 καὶ
360 2650 399 2710 τὰ
406 2651 536 2731 σχήματα
548 2655 596 2710 τοῦ
610 2649 748 2728 σώματος,
762 2641 801 2716 οἷς
815 2649 944 2732 κράτιστα
956 2652 999 2730 (in
1013 2669 1103 2728 marg.
1118 2649 1183 2710 cod.

190 2750 270 2808 Bodl.
284 2752 320 2815 ὡς
339 2749 480 2831 aptium)
494 2748 560 2818 ἕξειν
583 2747 702 2826 ἔμελλεν,
723 2749 754 2806 οὗ
775 2750 864 2831 pupis)
878 2746 952 2829 πόνῳ
978 2746 1184 2829 κατειργάσατο·

189 2845 276 2905 καίτοι
290 2845 367 2928 φύσει
377 2846 442 2928 πρὸς
450 2851 536 2906 ταῦτα
549 2848 579 2904 οὗ
589 2846 662 2905 πάνυ
676 2847 780 2924 εὐτυχεῖ
788 2845 975 2927 χρησάμενος,
988 2849 1024 2912 ὡς
1035 2843 1186 2926 Δημήτριος

189 2941 357 3025 sculpet<
369 2965 446 3024 φησι,
457 2943 503 3001 καὶ
517 2945 542 3000 ol
557 2943 634 3001 ἄλλοι
644 2942 741 3009 πάντες
756 2945 781 3002 οἱ
790 2942 835 3002 τὸν
849 2942 905 3022 βίον
920 2945 1000 3001 αὐτοῦ
1013 2942 1181 3023 συγγράψαν-

189 3065 240 3108 τες.
253 3043 310 3100 Vix
322 3055 366 3099 est
379 3041 459 3118 quod
465 3059 597 3098 moneam
616 3040 723 3100 librum
741 3039 802 3120 περὶ
814 3043 862 3111 τῆς
873 3039 1034 3122 Ἐρμηνείας
1043 3039 1186 3100 Phalereo

189 3161 251 3198 esse
270 3138 505 3216 abjudicandum.
523 3137 567 3196 Cf.
587 3137 767 3209 Schneider,
787 3138 912 3216 praelat.;
936 3137 1143 3196 Westermann.
1168 3137 1186 3193 l.

191 3238 220 3310 l.‚
234 3258 263 3314 p.
286 3238 419 3294 atil-aar
435 3248 465 3292 et
480 3247 541 3292 not.
561 3246 664 3308 14-17.

234 3334 293 3412 (97)
314 3335 399 3412 Diog.
417 3335 513 3392 laert.
524 3336 560 3405 V,
575 3335 621 3394 58.

233 3430 293 3508 (98)
301 3430 390 3500 ldem,
406 3429 477 3487 ibid.
490 3429 528 3486 65
539 3450 547 3486 ι
558 3427 604 3487 καί
614 3450 693 3510 φασιν
706 3427 853 3506 Ἀντίγονον
869 3428 911 3487 ἐπ’
917 3429 998 3487 αὐτοῦ
1008 3430 1086 3486 τοῦτο
1096 3429 1189 3500 εἰπεῖν,

192 3529 228 3592 ὡς
239 3527 287 3583 οὐκ
300 3515 345 3600 ἦν,
357 3523 447 3607 ὥσπερ
463 3523 549 3602 μήλου
562 3521 612 3596 τὴν
628 3512 738 3582 εὐωδίαν
762 3523 808 3583 καὶ
829 3523 908 3606 χάριν
925 3521 1016 3582 ἄλλοθί
1034 3545 1087 3581 που
1108 3545 1187 3601 μετε-

192 3631 302 3699 νεγκεῖν,
317 3620 377 3680 ἀλλ’
398 3620 442 3680 ἐπ’
462 3622 541 3680 αὐτοῦ
558 3625 605 3679 τοῦ
620 3619 776 3703 ἀνθρώπου,
789 3620 909 3702 καθάπερ
924 3619 968 3679 ἐπὶ
992 3624 1040 3678 τοῦ
1065 3617 1189 3702 δένδρου,

191 3721 244 3777 τῶν
258 3717 407 3798 λεγομένων
419 3717 530 3777 ἕκαστον
542 3716 596 3778 ἔδει
606 3722 767 3800 θεωρεῖσθαι.

233 3818 292 3896 (99)
315 3817 412 3887 ldem,
424 3817 501 3876 ibid:
509 3819 564 3876 66:
577 3819 604 3876 ἐν
618 3815 666 3895 μὲν
682 3821 720 3898 τῷ
732 3815 819 3894 λέγειν
836 3815 997 3896 γλυκύτατος
1011 3806 1044 3888 ἦν
1047 3861 1093 3876 .....
1113 3815 1141 3873 ἐν
1159 3812 1187 3872 δὲ

193 3917 233 3996 τῷ
241 3914 351 3997 γράφειν
362 3911 485 3993 ἀνόμοιος
499 3918 581 3996 αὑτῷ.

234 4013 313 4090 (ιοο)
324 4011 416 4082 ldem‚
427 4011 499 4070 ibid.
511 4015 550 4070 68
564 4033 571 4069 :
587 4009 656 4070 ciro
672 4009 700 4070 δὲ
714 4001 747 4083 ἦν
758 4010 851 4093 ἐχθρὸς
863 4009 1014 4093 Ἱερωνύμῳ
1023 4012 1063 4090 τῷ
1073 4031 1190 4089 περιπα-

193 4111 294 4189 τητικῷ
304 4151 311 4176 ,
323 4111 359 4176 ὡς
375 4107 453 4187 μόνον
469 4108 507 4188 μὴ
521 4111 641 4190 ἄπαντᾷν
662 4108 727 4189 πρὸς
742 4108 820 4168 αὐτὸν
835 4107 929 4179 etat-lv
941 4107 1045 4179 ἐτήσιον
1065 4103 1177 4186 ἡμέραν.

235 4207 314 4282 (ιοι)
339 4205 474 4280 loheel„
488 4207 714 4285 Aglaophamus,
728 4208 770 4264 De
783 4205 919 4282 Orphicis
932 4206 977 4279 ll,
992 4205 1026 4263 T.
1041 4205 1065 4277 l,
1079 4223 1106 4280 p.
1123 4205 1190 4270 340.
