3174 5284
402 548 468 634 τέο
717 548 1068 630 ANNOTATIONES

395 711 559 786 Protegom.
571 710 641 770 ibid.
655 712 729 786 t.Vl,
737 715 828 792 p.t·3;
839 712 953 790 Syrian.
961 713 1057 774 Schol.
1067 713 1239 793 inflermog.
1252 709 1392 774 nesori-

395 805 461 878 bus,
473 807 543 868 ibid.
554 818 574 866 t.
580 809 633 886 ttv,
641 817 713 886 por
723 833 732 882 ;
741 810 898 869 Marcellin.
904 809 976 868 ibid.
985 830 1015 889 p.
1030 812 1077 870 53.
1093 813 1193 889 Sopat.
1205 812 1237 870 in
1250 811 1390 886 Hermog.

394 905 1388 988 Rhet.‚ibid.V‚p.l‚,ubitraditquidinteranemetscientiamintorsit:

396 1000 539 1082 Διενηνοχι
551 1000 692 1083 δὲὴτέχνη
703 999 918 1083 τῆςέπιστήμης,
927 1007 966 1086 τῷ
978 1002 1015 1083 μὴ
1024 1003 1182 1086 ἀδιαπτῶτῳ
1194 1007 1340 1086 κεχρῆσθαι
1348 1003 1391 1083 τῷ

395 1098 571 1180 σκοπῷ,ιἰλλὰ
584 1099 794 1182 μεθαρμόζεσθαι
803 1100 867 1183 πρὸς
879 1100 1010 1182 πρόσωπα
1019 1101 1065 1161 καί
1077 1099 1190 1185 καιρούς.
1202 1101 1392 1163 Philodemus

394 1199 492 1254 Artem
517 1193 665 1256 definitio
678 1199 732 1257 Ms.
750 1200 793 1256 De
816 1195 984 1268 Rhetorica,
1006 1196 1047 1259 N⁰
1073 1202 1165 1278 1674,
1193 1199 1248 1258 col.
1269 1199 1342 1271 LIV,
1357 1215 1389 1252 v.

395 1311 471 1386 9-13
493 1331 500 1368 ι
523 1297 1392 1378 ΦΗΜΙΚ71ΤΑ7ΤΑΚΑΙΤΑΤΟΙΑ7ΤΕΧ-

399 1419 1391 1502 ΝΑΕΚΑΛΕΙΝΑΛΛΑΤ.Γ“ΡΟΕΦΕΡΟΜΕΝΑΤΟ

398 1545 1003 1626 MCQOMKONC..FPOXEV....
1036 1561 1108 1632 Quae
1139 1561 1181 1618 ita
1210 1556 1392 1618 restituenda

396 1686 555 1748 propono:
578 1664 659 1745 Φημὶ
672 1663 718 1725 καί
739 1670 824 1725 ταῦτα
847 1665 892 1726 καί
911 1664 946 1726 τὰ
964 1671 1075 1726 τοιαῦτα
1089 1664 1185 1748 τέχνας
1198 1667 1301 1745 καλεῖν,
1319 1661 1391 1722 ἀλλὰ

396 1761 431 1822 τὰ
445 1760 646 1846 προσφερόμενα
656 1761 686 1822 τὸ
702 1762 837 1840 μεθοδικῶν
853 1765 889 1830 ῶς
899 1763 1054 1846 προχείρως.

435 1861 469 1919 V.
482 1862 545 1931 3-4.
578 1858 646 1942 Περί
665 1859 794 1942 ἀορίστων
811 1859 857 1922 καὶ
879 1845 940 1942 περί
961 1857 1171 1942 ὡρισμένων...
1189 1861 1324 1939 Hermog.
1343 1861 1391 1918 De

396 1958 517 2031 Formis,
537 1958 570 2017 1:
592 1957 646 2017 Καὶ
665 1955 733 2025 ὅλως
748 1957 808 2016 καθ’
822 1955 932 2017 ἕκαστον
946 1956 1041 2018 ἐθέλων
1059 1955 1143 2026 αὔξειν
1158 1955 1242 2041 εὕροις
1259 1955 1290 2016 ἂν
1302 1953 1390 2015 πολλὰ

323 2107 325 2112 .
396 2052 443 2113 καί
467 2051 641 2131 ἐνθυμήματα
661 2052 706 2112 καὶ
719 2053 932 2136 παραδείγματα,
946 2052 991 2114 καὶ
1002 2053 1139 2136 ὡρισμένα
1150 2054 1196 2114 ιιαλ
1208 2055 1328 2136 ἀόριστα.
1344 2053 1390 2112 Cf.

397 2151 558 2210 Marcellin.
570 2151 667 2212 Schol.
680 2151 710 2209 in
725 2152 860 2230 Hermog.
870 2153 914 2211 De
926 2151 1065 2226 Statibus,
1076 2153 1132 2211 tto.
1147 2173 1193 2231 gr.
1201 2152 1293 2211 Waiz.
1309 2162 1330 2210 t.
1340 2151 1392 2218 lv.

398 2267 428 2326 p.
439 2268 487 2326 9²·
496 2247 826 2306 Memorandavidentur
835 2267 899 2326 quae
910 2247 994 2320 ibid„
1002 2249 1033 2306 in
1043 2249 1172 2326 margine
1179 2248 1287 2307 codicis
1296 2247 1390 2308 Poris.

398 2342 477 2421 opud
492 2345 605 2422 Syrian.
618 2365 646 2423 p.
663 2363 710 2424 po,
725 2357 784 2404 not.
813 2365 848 2403 ιο
864 2345 1086 2405 adscribuntur:
1102 2344 1251 2428 Ὦρισμένα
1269 2345 1396 2405 καλεῖται

397 2429 463 2512 ῶνὴ
478 2438 586 2512 ποιότης
605 2441 632 2498 έν
655 2447 712 2507 ταῖς
728 2438 856 2521 ἱστορίαις
871 2439 995 2522 ὥρισται,
1012 2440 1058 2500 καὶ
1079 2439 1148 2513 δῆλοί
1162 2442 1232 2500 ἔστιν
1253 2441 1342 2506 αὐτοῖς
1355 2437 1392 2498 τὰ

397 2532 594 2615 πεπραγμένα,
608 2533 653 2593 καὶ
666 2533 740 2616 παρὰ
760 2541 844 2594 ταῦτα
859 2536 907 2594 οὐκ
924 2534 994 2594 ἔστιν
1006 2532 1094 2617 ἕταρόν
1107 2558 1134 2593 τι
1149 2537 1246 2610 εἰπεῖν,
1263 2525 1316 2594 οἷον
1328 2533 1393 2616 περὶ

338 2705 344 2724 Ι
398 2631 581 2709 Δημοσθένους
595 2634 643 2691 οὔκ
657 2631 688 2691 ἂν
712 2633 853 2712 εἴποιμεν,
870 2636 906 2700 ὡς
927 2634 1043 2714 ἀνδρεῖος
1062 2623 1105 2706 ἦν,
1125 2636 1179 2693 τῶν
1199 2635 1321 2716 ἱστοριῶν
1343 2633 1395 2692 δει-

398 2732 548 2805 κνυουσῶν,
576 2733 611 2797 ῶς
625 2733 652 2790 έν
666 2741 725 2798 ταῖς
747 2729 846 2810 μάχαις
868 2730 1069 2810 ἐλειποτοίκτει,
1090 2730 1136 2790 καλ
1155 2729 1217 2813 περὶ
1233 2728 1396 2812 Περικλέους

399 2826 482 2893 οὐδεὶς
498 2825 529 2886 ἂν
547 2827 632 2900 εἴποι,
647 2831 683 2896 ὡς
697 2820 729 2901 ἦν
743 2827 878 2902 ταπεινὸς,
895 2833 942 2888 τοῦ
952 2827 1117 2911 φρονήματος
1132 2831 1211 2888 αὐτοῦ
1224 2826 1398 2908 δεικνυμένου

400 2925 431 2984 lx
441 2928 488 2996 τῆς
501 2925 617 3007 ἱστορίας
639 2927 698 2985 κτλ.

439 3024 474 3082 V.
500 3025 603 3094 13-14.
628 3021 767 3106 Μαργίτου
788 3020 935 3102 μανίας...
969 3025 1038 3084 Haeo
1061 3023 1286 3104 proverbialiter
1315 3021 1396 3084 dicto.

401 3123 488 3182 tuisse
509 3123 664 3182 ostendunt
675 3143 741 3201 ηοω
760 3122 848 3181 tradit
859 3122 980 3195 Suidas,
995 3141 1025 3201 p.
1046 3123 1142 3199 2398,
1163 3123 1210 3181 ed.
1223 3121 1370 3180 Gaisford.
1386 3145 1394 3179 :

401 3218 558 3301 Μαργίτης·
575 3219 702 3300 Αἰσχίνης
715 3222 742 3279 ἐν
755 3222 794 3302 τῷ
807 3218 877 3279 κατὰ
891 3221 1083 3302 Κτησιφῶντος
1104 3217 1256 3297 ἐπωνυμίαν
1269 3215 1393 3287 Ἀλεξάν-

403 3315 545 3398 δριρέθετο.
557 3316 689 3378 Ἐκάλουν
704 3315 798 3384 δὲτους
807 3316 932 3390 ἀνοήτους
945 3314 1036 3384 οὕτως.
1044 3317 1092 3376 Sic
1101 3315 1204 3394 Polyb.
1215 3315 1245 3373 in
1256 3316 1394 3392 Excerpt.

402 3434 421 3472 a
432 3414 566 3492 Valesio‚
579 3411 609 3492 p.
625 3406 665 3473 58
677 3437 684 3472 τ
698 3417 792 3475 Ταῦτα
812 3411 863 3496 γὰρ
884 3415 934 3493 οὐχ
954 3404 1007 3472 οἷον
1026 3409 1141 3490 Τίμαιον
1162 3409 1294 3493 εἰρηκέναι
1311 3431 1351 3476 τις
1362 3407 1398 3469 ἂν

405 3506 584 3585 πιστεύσειεν,
605 3507 663 3570 ἀλλ’
682 3509 742 3570 otti
755 3509 800 3570 τὸν
818 3507 959 3588 λεγόμενον
979 3507 1119 3590 Μαργίτην
1134 3509 1241 3566 ἐκεῖνον.
1259 3506 1303 3566 cf.
1319 3524 1398 3585 quos

403 3607 474 3666 citat
484 3605 640 3682 Gaisford„
652 3619 738 3685 atque
748 3609 784 3668 tt.
799 3607 938 3684 Stephon.
947 3605 1034 3665 Thes.
1048 3617 1068 3662 t.
1082 3606 1120 3679 11,
1132 3625 1161 3683 p.
1175 3605 1243 3680 793,
1252 3601 1295 3661 ed.
1310 3603 1395 3675 1572.

443 3705 477 3764 V.
491 3723 537 3762 αα.
561 3702 633 3785 Πρὸς
649 3701 758 3764 ἕκαστον
767 3743 773 3762 .
783 3748 809 3764 ..
830 3702 926 3763 Verba
941 3700 1007 3783 πρὸς
1019 3699 1129 3760 ἕκαστον
1144 3700 1220 3759 idom
1233 3700 1397 3778 significant

403 3801 483 3882 quod
497 3802 534 3869 τίς
547 3797 668 3873 ἕκαστον,
682 3821 708 3858 ν.
731 3821 774 3876 19.
794 3801 827 3859 ln
848 3799 1067 3879 interpretando
1089 3799 1193 3877 δεσμῶν
1212 3795 1269 3878 ἔχει
1288 3793 1397 3879 χρείαν,

404 3902 507 3961 seriem
536 3900 743 3960 sententiarum
759 3910 874 3957 secutus
895 3919 976 3973 sum,
1003 3917 1094 3976 quum
1115 3895 1206 3956 verba
1226 3895 1395 3956 obscuriora

403 3996 582 4056 viderentur.
1079 3995 1084 4004 '
1393 3997 1401 4050 .’

442 4098 533 4164 Vah.
547 4095 598 4155 Ἐκ
611 4091 774 4176 περιουσίας.
787 4091 919 4152 ..Verbis
933 4093 963 4150 ἐκ
972 4090 1122 4174 περιουσίας
1130 4091 1297 4170 frequenter
1307 4103 1397 4150 utun-

405 4205 453 4252 tur
466 4193 607 4255 rhetores.
622 4191 672 4252 Sio
680 4193 789 4252 Auctor
805 4189 953 4252 Rhetoric.
972 4208 1036 4267 ηοω
1048 4190 1170 4266 Dionys.
1181 4189 1275 4248 Halic.
1295 4189 1400 4260 fertur,
