3198 5288
1152 627 1204 680 vtl

218 771 353 842 bantur
383 772 598 870 Polyenctns
634 772 729 866 (αθ),
772 771 1001 868 Diophantus
1026 771 1122 866 (ορ),
1140 776 1206 841 He·

258 991 320 1072 (ιθ)
338 992 517 1053 obesitatem
530 1037 538 1065 ‚
563 1013 628 1070 quae
654 993 845 1070 polyeuctum
869 992 1014 1051 dicentem
1043 993 1206 1072 impediret,

216 1091 347 1148 Phocion
368 1089 453 1163 ridet,
476 1090 553 1168 apud
578 1090 725 1150 Plutarch.
746 1091 777 1147 in
799 1089 888 1149 Phoc.
904 1090 959 1150 lx:
981 1087 1147 1150 Πολύευκτον
1179 1088 1207 1148 δὲ

216 1186 261 1245 τὸν
273 1185 405 1267 Σφήττιον
418 1189 486 1267 δρῶν
506 1187 533 1244 ἓν
546 1183 664 1264 καύματι
678 1181 891 1263 συμθουλεύοντα
903 1195 957 1252 τοῖς
970 1185 1114 1258 Ἀθηναίοις
1123 1188 1206 1246 πολε-

218 1292 276 1360 μεῖν
289 1282 354 1364 πρὸς
370 1281 521 1362 Φίλιππον,
537 1272 594 1342 εἶτα
611 1283 656 1341 ὑπ’
670 1281 804 1360 ἄσθματος
815 1284 915 1341 πολλοῦ
927 1281 972 1342 καλ
984 1283 1103 1364 ἱδρῶτος,
1116 1281 1163 1342 ἅτε
1173 1279 1205 1354 δὴ

217 1379 262 1437 καλ
276 1378 433 1461 ὑπέρπαχυν
446 1377 528 1456 ὄντα,
543 1377 671 1445 πολλάκις
690 1379 880 1459 ἐπιρροφοῦντα
897 1383 944 1436 τοῦ
957 1377 1064 1444 ύδατος·
1087 1377 1206 1456 υἈξιον,

217 1475 289 1557 ἔρη,
314 1475 399 1558 τούτῳ
423 1477 614 1544 πιστεύσαντας
635 1479 704 1554 ὓμᾶς
729 1475 895 1558 ψηφίσασθαι
917 1474 962 1535 τδν
983 1475 1117 1555 πολεμον·
1133 1475 1163 1535 δν
1180 1477 1207 1535 τί

216 1575 301 1634 οἴεσθε
314 1575 433 1648 ποιήσειν
448 1577 475 1633 ἐν
493 1577 531 1656 τῷ
549 1573 650 1655 θώρακι
665 1573 756 1652 καλτῇ
773 1571 881 1651 ἀσπίδι,
900 1575 953 1631 τῶν
979 1574 1113 1652 πολεμίων
1131 1573 1207 1652 ἐγγύς

217 1673 310 1749 ὄντων,
324 1670 368 1731 ὅτε
386 1671 473 1751 λέγων
489 1671 555 1752 πρὸς
568 1676 637 1749 ὑμᾶς
652 1671 670 1729 ἃ
684 1669 827 1748 ἔσκεπται,
839 1669 981 1729 κινδυνεύει
997 1676 1130 1750 πνιγῆναι.
1145 1673 1206 1732 Ρο-

219 1771 324 1846 tyencti
338 1769 374 1827 de
388 1770 583 1828 Demosthene
600 1783 628 1827 et
648 1768 796 1827 Phocione
815 1766 958 1844 judicium
981 1768 1059 1846 apud
1073 1768 1205 1826 eumdem

218 1869 367 1944 reperias,
393 1869 423 1925 in
455 1866 604 1925 Demosth.
626 1865 653 1927 Χ
672 1888 678 1923 :
700 1869 716 1924 θ
735 1865 764 1924 δὲ
793 1862 870 1931 αὐτὸς
892 1863 1031 1946 φιλόσοφος
1052 1866 1206 1942 (nimirum

213 1962 339 2042 Ἀρίστων
359 1961 460 2042 exne)
486 1961 654 2022 Πολύευκτον
676 1965 775 2043 ἱστορεῖ
788 1959 832 2021 τθν
853 1961 1001 2044 Σφήττιον,
1020 1961 1067 2023 ἕνα
1080 1966 1133 2021 τῶν
1147 1959 1206 2022 τότε

214 2059 423 2136 πολιτευομένων
434 2059 584 2138 Ἀθήνησιν,
601 2057 811 2141 ἀποφαίνεσθαι,
830 2059 955 2138 μέγιστον
969 2057 1017 2137 μὲν
1028 2049 1095 2118 εἶναι
1108 2060 1206 2142 ῥήτορα

214 2157 384 2234 θημοσθένη,
409 2155 589 2216 δυνατώτατον
618 2157 735 2215 δἐἰπεῖν
759 2157 904 2217 Φωκίωνα.
930 2157 973 2214 (If.
1002 2159 1031 2215 in
1057 2159 1146 2216 Phoc.
1169 2165 1204 2215 V.

215 2256 434 2315 Anaxandrides
455 2256 598 2312 luxuriam
616 2255 678 2332 ejus
693 2256 805 2314 comico
819 2256 879 2314 sale
899 2255 1088 2333 perstrinxit,
1100 2256 1205 2314 Athen.

213 2356 261 2418 W,
276 2374 305 2432 p.
322 2355 387 2422 166,
401 2355 447 2412 D:
468 2350 636 2413 Πολυεύκτου
654 2353 676 2410 δ’
688 2351 885 2435 Ἀναξανδρίδης
899 2353 926 2410 ἐν
937 2355 1022 2432 Τηρεῖ
1032 2352 1184 2432 κωμῳδῶν·

290 2470 368 2534 Ὄρνις
379 2469 483 2532 κεκλήσῃ
495 2467 573 2532 (φησί)
581 2497 622 2516 -.
634 2468 681 2518 Διὰ
689 2468 726 2528 τί,
738 2467 795 2532 πρὸς
805 2473 846 2526 τῆς
862 2465 956 2522 Ἑστίας
967 2483 974 2526 ;

289 2548 391 2612 Πύτερον
402 2547 543 2610 καταφαγὼν
555 2547 598 2606 την
608 2545 718 2609 πατρῴαν
728 2544 820 2607 οὐσίαν,

290 2629 382 2692 Ὥσπερ
390 2624 926 2688 Πολύευκτοςθκαλός;-·οὐδῖςτ’,θλλ’θτι

289 2706 372 2770 ’Δῤῥην
381 2707 427 2756 ὑπὸ
436 2707 533 2764 θηλειῶν
544 2703 684 2762 κατεκόπης.

212 2805 503 2880 OccurritPolyeucti
514 2806 710 2880 fragmentum
720 2801 800 2881 apud
810 2801 933 2878 Longin.
942 2803 985 2860 De
998 2803 1109 2861 iuvent.
1122 2801 1203 2873 (olim

213 2905 315 2980 Apsin.
330 2906 396 2962 Ars.
407 2900 523 2981 hbet),
541 2903 631 2958 Walz.
644 2901 697 2959 Rh.
710 2920 754 2977 gr.
766 2913 839 2956 tom.
854 2900 910 2976 tx,
926 2919 955 2976 p.
973 2899 1106 2967 sii-545
1121 2921 1128 2954 ι
1151 2901 1203 2958 τῶν

213 2997 243 3057 δὲ
254 2997 400 3079 εἰρημένων
421 2995 658 3075 ἑπαναμνήσομεν,
677 2994 696 3066 ἢ
715 2993 742 3063 ἐξ
757 2992 953 3060 ὖποτνποθσεως
974 2994 1043 3062 τινὸς
1063 2991 1204 3072 μέλλοντος

212 3096 330 3174 γίνεσθαι
347 3095 520 3177 πράγματος,
540 3097 576 3161 ὣς
588 3093 752 3160 Πολύευκτος
762 3096 790 3152 ἓν
803 3095 842 3174 τῷ
851 3092 921 3151 κατὰ
934 3090 1071 3170 Δημάδου.
1082 3092 1204 3174 Ἐγράφη

212 3193 261 3272 μὲν
281 3193 333 3276 γάρ
350 3192 476 3276 ψήφισμα
489 3194 592 3272 χαλκῆς
609 3192 707 3258 εἰκόνος
725 3193 764 3273 τῷ
777 3190 907 3271 Δημάδῃ·
927 3195 943 3249 θ
961 3187 989 3248 δὲ
1001 3199 1141 3271 κατηγορεῖ
1157 3196 1203 3249 τοῦ

211 3288 393 3370 ψηφίσματος·
409 3287 460 3348 ὅσα
481 3281 514 3361 ἧν
528 3290 601 3369 αύτῷ
622 3286 666 3347 διὰ
679 3286 806 3347 πλειόνων
830 3286 958 3368 εἰρημένα
978 3285 1050 3346 κατὰ
1062 3285 1112 3359 τλν
1121 3311 1204 3347 κατα-

212 3385 310 3458 σκευὴν
320 3394 367 3447 τοῦ
381 3385 422 3446 ὅτι
441 3385 478 3465 μὴ
498 3378 530 3458 ἦν
544 3385 613 3455 ἄξιος
628 3390 677 3458 τῆς
690 3390 770 3464 τιμῆς
780 3394 892 3465 τυχεῖν,
911 3389 996 3444 ταῦτα
1016 3386 1204 3466 κεφαλαιωδῶς

212 3482 357 3560 ἀνέμνησεν
381 3486 522 3542 ύποτυπῶν
544 3482 576 3541 τὸ
599 3487 694 3562 σχῆμα
713 3487 760 3540 τοῦ
778 3481 943 3564 ἀνδριάντος·
958 3480 1019 3541 «Τί
1040 3480 1109 3560 γὰρ,
1130 3481 1203 3563 φησί,

213 3585 308 3660 σχῆμα
319 3578 385 3653 ἔξεις
398 3578 456 3652 Τὴν
467 3578 567 3640 ἀσπίδα
576 3578 788 3660 προὸεὸλήσεται
799 3579 875 3656 (Αίθ.
887 3577 1077 3661 προὸἔύληται,
1088 3580 1202 3639 Ruhnk.

211 3675 455 3756 προθεύλιοιότος);
477 3673 558 3736 Ἀλλά
580 3675 680 3747 ταύτην
698 3699 730 3755 γε
747 3673 879 3734 ἀπέύαλεν
901 3677 929 3734 ἓν
948 3679 982 3756 τῇ
1005 3674 1079 3757 μάχῃ
1093 3680 1127 3756 τῇ
1143 3674 1203 3758 περὶ

212 3772 388 3853 Χαιρώνειαν.
408 3771 488 3833 Ἀλλθι
507 3772 676 3856 άκροστολιον
691 3771 757 3840 νεὼς
778 3771 829 3840 ἕξει
841 3797 850 3846 ;
861 3800 874 3826 ν
896 3772 1013 3832 Ἔπειτα
1030 3772 1202 3833 πυνθάνεται·

213 3870 313 3936 «ποίας
325 3869 363 3944 ,ἢ
378 3874 425 3942 τῆς
437 3876 484 3930 τοῦ
499 3871 620 3953 πατρός;
644 3872 756 3950 (Reisk.
776 3873 878 3930 vertit:
899 3893 1006 3950 «quae,
1021 3886 1103 3950 patre
1113 3872 1204 3950 ipsius

211 3996 224 4020 a
236 3989 300 4026 eam
322 3989 387 4026 cnm
406 3969 539 4048 imperio·
552 3970 704 4028 trierarchi
729 3983 864 4049 regente,
882 3983 967 4048 capta
988 3971 1043 4028 fuit
1060 3970 1097 4028 ab
1114 3969 1205 4026 hosti·

213 4094 226 4118 a
238 4067 294 4124 bus
307 4094 319 4118 ν
332 4090 340 4125 :
357 4071 445 4128 Pater
456 4082 552 4126 autem
566 4068 628 4146 ejus
641 4089 694 4127 uec
705 4070 879 4128 trierarchus
894 4069 962 4140 suit,
977 4089 1031 4127 nec
1052 4067 1204 4126 trierarchi

212 4167 301 4241 gessit
314 4166 490 4243 imperium3
510 4167 561 4226 sed
582 4179 670 4225 nauta
692 4167 856 4241 obscurus,
880 4168 917 4225 ad
934 4167 1014 4245 qnod
1027 4167 1203 4244 Polyeuctus

211 4262 333 4322 adludit.
348 4264 392 4322 Cf.
406 4265 533 4341 Lhardy,
548 4266 585 4323 de
598 4266 746 4338 Demade,
763 4266 879 4324 rhetore
898 4265 1084 4336 Atheniensi,
1099 4285 1129 4342 p.
1148 4273 1204 4341 ¹9·)
