3194 5286
642 525 870 596 COLUMNA
895 529 971 597 VH.
1151 469 1197 594 15Ι

314 685 317 698 ’
416 702 527 799 Atqui
541 700 750 776 Phoenicem
771 699 958 774 doctorem
972 725 1057 772 cum
1074 699 1192 772 Achil·
1294 793 1299 802 ·
1404 797 1408 804 ι

417 851 450 922 le
496 855 643 924 missurn
695 847 805 922 fuisse
849 867 970 927 narrat
1003 857 1193 922 Homerus.

417 1005 543 1096 Neque
563 1002 722 1074 innatam
758 1002 930 1072 virtutem
951 1025 1031 1097 quae
1052 1003 1088 1070 in
1115 1023 1195 1070 ora·
1233 1033 1236 1042 ¹

420 1153 519 1220 tione
551 1163 734 1237 versetur,
760 1148 1100 1246 perexcellentium
1127 1172 1194 1245 pe·

420 1296 601 1369 culinriter
618 1297 850 1369 Rhetoricam
888 1297 1071 1395 praediceri
1102 1299 1196 1370 licet.

419 1445 527 1538 Quod
536 1451 567 1518 si
573 1449 657 1542 quis
665 1450 956 1544 existimaretper
966 1446 1062 1519 iilam
1076 1449 1196 1517 omnia

419 1595 463 1667 ad
480 1609 622 1668 rectum
641 1600 779 1668 exitum
807 1595 968 1694 perduci,
1001 1596 1071 1668 hoc
1101 1595 1195 1674 idem
1246 1581 1255 1598 ⁹

422 1761 583 1818 essetne
614 1747 643 1817 si
676 1749 854 1846 expressis
887 1745 1008 1818 verbis
1041 1746 1198 1836 diceret,

421 1900 504 1956 aute
552 1884 749 1958 rhetoricas
793 1889 1088 1974 exercitationes,
1135 1911 1199 1958 ne·

332 2084 333 2094 ,
425 2034 557 2102 minem
578 2029 759 2124 ejusmodi
774 2034 931 2128 peccatis
956 2029 1067 2102 fuisse
1086 2029 1201 2103 obno·
1318 2093 1363 2116 .,

423 2178 585 2253 noxium.
618 2180 769 2251 Minime
814 2193 935 2250 autem
973 2143 1036 2250 ita·
1058 2179 1202 2250 locutus

364 2315 366 2322 ¹
425 2341 478 2397 est
508 2324 568 2396 hio
605 2324 792 2423 Sophisto3
828 2340 955 2395 contra
984 2349 1074 2396 vero
1111 2323 1202 2396 dixit

427 2473 604 2561 infinitam
645 2479 718 2545 sim
755 2473 888 2580 habere
927 2430 1202 2547 exercitationes

428 2595 639 2714 rhetoricas3
660 2601 777 2722 quum
808 2649 926 2722 neque
955 2625 1107 2697 Pericles
1138 2630 1203 2722 qui

428 2798 562 2846 corona
572 2773 727 2846 donatus
735 2772 816 2858 fuit,
830 2799 949 2872 neque
966 2774 1205 2870 Thucydides,

429 2922 530 2994 Olori
550 2921 658 3012 filius,
674 2920 772 2994 hunc
788 2946 942 3021 pravum
956 2923 1124 2994 dictionis
1140 2923 1205 2996 he·
1248 2979 1254 2986 .

417 3069 548 3142 ‘bitum
561 3075 622 3165 qui
649 3085 702 3142 est
724 3073 762 3141 in
781 3085 955 3170 promptu
979 3068 1204 3167 effugerunt3

431 3225 544 3290 immo
557 3246 604 3292 ne
627 3221 672 3295 ad
686 3243 770 3294 eum
794 3219 940 3318 quidem
960 3224 1122 3292 animum
1142 3218 1206 3293 ad·

431 3391 627 3449 verterunt.
648 3381 812 3454 Fortasse
830 3378 927 3450 enim
947 3377 1080 3448 horum
1093 3391 1207 3462 aetnte,

432 3521 622 3594 exordium
649 3522 820 3596 habuisse
835 3523 913 3594 illes
933 3525 1208 3596 exercitationes
1329 3619 1331 3624 ,

433 3668 561 3766 aliquis
574 3667 714 3759 dixerit
726 3693 834 3742 nemo
849 3683 971 3741 autem
985 3693 1044 3742 ees
1056 3673 1209 3767 viguisse

435 3817 642 3905 contendet,
656 3823 724 3892 nisi
737 3817 846 3890 fuerit
859 3843 880 3891 e
894 3841 1050 3890 numero
1063 3817 1207 3888 illorum

432 3972 496 4062 qui
538 3993 575 4038 se
606 3967 842 4065 ¹impudenter
885 3983 1032 4064 gerunt3
1084 3989 1210 4062 quam-
