3178 5278
380 569 382 575 ·
491 545 539 612 IN
565 543 883 616 PHILODEMUM.
1053 487 1056 496 ⁴
1105 545 1178 627 ’165

192 716 244 809 ἔρα
265 723 335 788 κατὰ
346 730 423 786 τοῦτο
434 727 481 786 οὖα
503 727 604 806 ἀγαθὰ,
630 725 667 806 μὴ
682 727 707 788 ιί
723 751 749 787 τι
762 731 808 788 ἀπ’
823 729 909 788 αὐτῶν
921 727 1085 802 ἀποὸήσιται
1098 730 1181 806 ἄλλος

192 822 237 881 καί
258 812 331 889 αὖθις
347 812 381 881 αὗ
394 820 428 881 τὰ
441 822 536 905 emp&
550 822 676 892 ὡσαύτως
691 821 773 892 οὕτως
787 825 819 883 οὔ
831 823 890 884 καθ’
903 824 964 884 ὅσον
976 824 1082 910 ἀνιαρὰ,
1096 826 1181 901 κακάς

192 916 236 982 lbi
258 917 443 977 scribendum
459 940 521 980 esse
534 918 660 998 conjecit
679 920 846 980 Heindori.:
865 920 925 980 καθ’
943 919 1038 994 titia
1055 919 1090 982 τίι
1114 921 1181 995 ἡδέα

192 1018 273 1093 ἐστὶν,
286 1007 338 1100 ἆρα
351 1019 422 1092 κτλ,
445 1026 477 1074 ut
497 1033 597 1074 seusus
611 1016 667 1074 sit:
686 1016 858 1088 «Quatenus
871 1015 998 1094 jucunda
1019 1030 1086 1076 suut
1099 1037 1180 1095 quae-

192 1133 316 1192 eumque
329 1125 397 1172 suut
415 1110 556 1194 jucunda,
576 1130 612 1170 an
626 1123 746 1171 eatenus
768 1131 827 1170 non
840 1110 931 1182 boue,
955 1113 1010 1172 nisi
1023 1112 1092 1191 quid
1111 1114 1179 1173 iude

192 1211 268 1270 aliud
275 1211 431 1289 sequatur?
442 1230 476 1268 ae
495 1228 595 1268 rursus
609 1229 674 1288 quae
684 1209 804 1270 molesta
814 1222 891 1284 sunt,
901 1209 1003 1270 eodem
1015 1209 1100 1270 modo
1108 1231 1179 1288 non,

191 1320 332 1386 quatenus
343 1307 465 1366 molesta
478 1318 558 1379 sunt,
576 1307 676 1365 maia?
691 1333 703 1359 ν
718 1307 794 1367 Nihil
809 1306 971 1367 addendum
985 1327 1047 1384 esse
1062 1309 1179 1388 opinor,

193 1416 224 1464 ut
236 1404 312 1464 idem
328 1423 427 1464 sensus
441 1404 581 1463 eliciatur.
599 1403 647 1462 Sic
658 1417 754 1463 verto:
770 1431 783 1456 a
796 1405 946 1478 Quatenus
957 1403 1085 1482 jucunda
1101 1418 1178 1481 sunt,

191 1521 288 1560 nonne
298 1514 417 1560 eatenus
429 1499 528 1570 bona;
542 1499 599 1561 uisi
614 1501 684 1578 quid
700 1499 767 1560 inde
782 1499 860 1560 aliud
875 1503 1036 1580 sequatur?
1055 1521 1089 1560 ac
1112 1522 1179 1561 rur·
1198 1565 1201 1572 ,

192 1619 249 1674 sus,
268 1597 348 1677 quod
361 1597 398 1656 ad
410 1598 530 1658 molesta
547 1597 672 1672 adtinet,
689 1597 789 1657 eodem
813 1596 899 1657 modo
911 1617 1023 1671 nonne,
1038 1611 1178 1676 quatenus

189 1696 307 1754 molesta
328 1707 410 1764 suut,
432 1693 506 1754 mala
519 1695 556 1751 i»
580 1693 661 1755 Idem
677 1693 777 1753 addit:
795 1697 969 1755 «Postrema
988 1715 1078 1774 quum
1102 1693 1177 1756 Edd.

189 1795 229 1852 sic
241 1793 377 1852 distincte
389 1792 554 1865 exhibeant,
571 1792 616 1852 καὶ
631 1783 704 1860 αὖθις
715 1781 749 1851 ai
761 1789 796 1851 et
810 1790 906 1874 ἀνιαρίι
919 1789 1064 1865 ὣσαῦτως;
1077 1790 1178 1862 Οίίτως.

188 1891 230 1950 Οὐ
250 1887 362 1949 καθόσον
384 1886 496 1970 ἀνιαρὰ,
515 1887 607 1964 κακοίς
629 1889 771 1948 Heusdius
793 1889 834 1969 (p.
849 1887 898 1968 75)
920 1901 1067 1967 expuncto
1087 1887 1180 1965 οὕτως,

188 2006 247 2045 uno
271 2000 371 2046 tenore
388 1986 474 2065 jungi
487 1984 549 2043 haec
563 1985 675 2056 voluit3
693 1987 763 2046 nihil
784 1999 887 2066 praeter
903 1985 1059 2045 verborum
1075 1985 1178 2045 distin·

189 2083 315 2142 ctionem
329 2081 488 2142 tollendum
501 2081 575 2140 vidit
584 2081 874 2142 Schleiermecherus.
888 2108 900 2136 ν

226 2179 260 2238 V.
275 2180 376 2238 12-13.
389 2177 424 2239 ‘0
433 2174 754 2257 μὴ-ἰπιλελογισμένος,
766 2221 789 2237 ..
803 2179 913 2238 Eadem
924 2178 984 2238 fere
994 2178 1078 2236 docet
1090 2178 1177 2238 Arist.

167 2261 168 2266 Ἰ
188 2274 307 2350 Rheni,
324 2295 363 2354 92
381 2273 459 2335 Μετίι
473 2272 596 2334 δὲταῦτα
607 2275 667 2356 περὶ
683 2277 777 2358 ἀρετῆς
795 2273 842 2334 καὶ
855 2273 950 2343 κακίας
964 2274 1010 2336 καί
1030 2275 1113 2334 καλοῦ
1131 2275 1176 2334 καί

188 2376 308 2456 αἰσχροῦ·
322 2364 394 2433 οὗτοι
419 2371 470 2456 γὰρ
488 2372 582 2432 σκοποί
605 2377 644 2453 τῷ
665 2373 817 2432 ἐπαινοῦντι
837 2371 883 2431 καί
904 2373 1063 2453 ψέγοντι...
1085 2370 1176 2432 Καλὸν

189 2468 236 2548 μὲν
250 2461 295 2530 οὖν
310 2470 400 2545 ἐστίν,
422 2467 437 2530 8
457 2467 489 2529 ἂν
503 2471 537 2529 δι’
550 2468 614 2530 αίιτὸ
628 2467 728 2552 αἱρετὸν
753 2463 793 2546 ὃν,
810 2466 947 2528 ἐπαινετὸν
960 2459 992 2550 ᾖ·
1014 2465 1104 2541 iddio
1115 2471 1177 2548 ἀγα·

189 2565 230 2626 Θὸν
244 2564 284 2639 ἃν,
305 2564 355 2640 ἡδὺ
373 2556 408 2646 ᾖ,
429 2564 469 2625 ὅτι
483 2563 579 2644 ἀγαθὸν
602 2568 661 2625 κτλ.

227 2666 260 2724 V.
272 2666 375 2740 18-19.
384 2661 448 2722 Ἐπί
458 2660 572 2722 τούτων.
584 2707 592 2721 .
603 2707 611 2722 .
623 2665 657 2723 Η.
664 2681 689 2722 e.
698 2661 743 2722 ίπί
750 2663 803 2722 τῶν
814 2661 949 2740 καθ’ἡμῖις
957 2664 1176 2744 σοριστῶν,(ριιοε

188 2760 300 2820 lacessit
312 2761 342 2821 iu
354 2760 501 2820 Rhetoric.
508 2761 629 2839 Neapoli
644 2761 737 2835 edita,
759 2780 825 2820 ann.
840 2760 926 2821 1835.
940 2762 994 2819 col.
1007 2761 1134 2831 xxvii,
1147 2779 1174 2817 ν.

189 2861 292 2935 ο8-3ι,
306 2859 371 2918 ideo
385 2859 464 2939 quod
480 2859 651 2919 dictitabant
662 2881 693 2920 se
706 2860 798 2920 factos
812 2880 872 2919 esse
884 2859 992 2938 probos
1008 2872 1037 2918 et
1054 2859 1176 2938 pruden-

117 2951 122 2970 '
189 2968 239 3032 tes,
253 2976 307 3036 per
317 2957 473 3017 rhetoricas
495 2959 732 3018 exercitationes:
753 2957 808 3018 Καὶ
827 2955 968 3040 φρονίμους
985 2946 1052 3014 εἶναι
1070 2955 1115 3016 καὶ
1130 2956 1173 3014 δι-

188 3051 277 3118 καίους
292 3050 382 3132 ρασὶν,
399 3050 469 3111 izai
482 3051 648 3131 μαινομένων
660 3052 743 3120 οὐδεὶς
754 3051 784 3112 ἂν
799 3051 904 3112 εἴπειεν.

212 3149 262 3226 Ὺ.
277 3169 381 3209 20-21.
396 3145 427 3208 Ἃ
438 3148 536 3217 πάντες
552 3151 734 3210 δυστελοῦσιν.
747 3190 774 3210 ..
792 3155 858 3222 Quo
883 3149 959 3206 enim
973 3147 1050 3206 factu
1076 3145 1175 3206 diffici-

188 3246 260 3305 liora
270 3259 357 3318 sunt,
381 3231 417 3305 eu
431 3248 541 3306 rariora
557 3247 735 3326 judicantur,
757 3247 953 3326 majoremque
971 3245 1086 3304 laudem
1103 3243 1174 3302 affe-

187 3354 264 3400 runt.
278 3343 396 3402 Aristot.
411 3342 430 3402 1.
442 3343 478 3417 Ι.,
501 3345 524 3412 Ι,
542 3364 578 3416 7:
593 3343 647 3404 Καὶ
664 3341 732 3410 ὅλως
749 3341 779 3403 τὸ
798 3339 983 3424 χαλεπώτερον
1008 3341 1173 3420 (subintell.

189 3437 287 3517 μεῖζον)
307 3443 354 3498 τοῦ
371 3436 474 3521 ῥᾴονας·
498 3439 675 3520 σπανιώτερον
690 3439 755 3522 γάρ.
768 3483 796 3500 ..
814 3437 893 3499 Ἐπεί
906 3437 934 3496 δὲ
947 3437 978 3497 τὸ
988 3435 1174 3520 χαλεπώτερον

187 3531 231 3594 καί
250 3533 426 3616 σπανιώτερον
442 3536 541 3612 μεῖζον,
553 3532 599 3593 καὶ
612 3537 636 3594 οἱ
648 3535 745 3618 καιροί,
754 3533 800 3594 καί
815 3537 842 3593 αί
856 3534 967 3609 ἡλικίαι,
980 3533 1025 3592 καί
1037 3536 1061 3593 οἷ
1073 3532 1174 3616 χρόνοι,

188 3629 232 3689 καί
245 3632 272 3689 αί
282 3630 404 3709 δυνάμεις
420 3635 525 3690 ποιοῦσι
536 3631 650 3710 μεγάλα.
663 3634 698 3694 Ei
708 3633 759 3715 γὰρ
774 3630 847 3716 παρὰ
857 3630 967 3710 δύναμιν
986 3629 1031 3690 καί
1040 3631 1104 3711 παρ’
1111 3631 1174 3702 ἠλι-

188 3725 245 3786 ιιίαν
257 3727 302 3786 καὶ
318 3724 390 3808 παρὰ
403 3725 461 3794 τοὺς
475 3727 596 3806 ὁμοίους,
610 3728 655 3788 καί
674 3731 697 3788 εἰ
717 3727 844 3804 οὖτως,ἢ
863 3729 974 3802 ἐνταῦθ’,
988 3727 1006 3800 ἢ
1025 3727 1100 3801 τότε,
1121 3723 1172 3794 ἕξει

189 3817 294 3899 μέγεθος
302 3821 447 3882 καὶοιαλῶν
459 3821 504 3881 καί
514 3825 629 3901 ἀγαθῶν,
642 3823 688 3882 καὶ
700 3825 825 3900 δικαίων,
842 3824 888 3885 καί
900 3828 953 3885 τῶν
965 3821 1088 3884 ἐναντίων
1107 3823 1167 3880 ιιτλ.

607 4085 737 4104 -α-...α
