3174 5284
589 505 816 580 conones
842 502 966 574 xt111.
1111 479 1114 492 '
1151 507 1196 602 87

432 676 618 808 potestatis
639 709 801 809 quodam
834 708 944 784 modo
971 706 1065 780 facta
1099 706 1196 794 fuit,
1247 704 1249 708 ’
1279 732 1284 740 ·

432 862 571 942 reducit
604 861 650 942 ed
680 863 948 960 disquisitiones
992 885 1072 978 quae
1113 885 1198 959 pro·

259 1024 327 1072 CAP-
340 1024 382 1072 Vl
430 1019 576 1091 batione
624 979 795 1116 indigent.
834 1037 870 1108 ιι
904 1023 1090 1117 Perpensis
1135 1025 1199 1116 igi-

216 1153 305 1203 Tolius
316 1153 418 1216 dispule-

209 1224 286 1274 tionis
296 1225 426 1275 conclusio.

292 1307 350 1335 0000

429 1335 595 1407 nonnulli
617 1331 832 1434 appellant¹
861 1351 980 1434 partes
1026 1351 1062 1407 et
1094 1336 1199 1410 disci·

428 1191 489 1248 tur
529 1177 597 1248 hac
636 1175 710 1286 fere
743 1181 883 1249 tatione
916 1177 1087 1292 omnibus
1118 1200 1199 1274 quae

417 1491 544 1590 plinas
588 1461 804 1583 Riietoricae,
852 1507 993 1574 constat
1035 1492 1198 1590 quedam

428 1673 505 1721 esse
518 1663 751 1738 commenta3
779 1649 944 1746 quaedam
982 1650 1072 1722 nihil
1101 1653 1198 1724 utili-

429 1811 512 1880 tatis
541 1805 701 1906 prebere
730 1807 799 1880 illis
827 1813 892 1905 qui
913 1808 1107 1880 Rhetorica
1124 1835 1198 1881 non

430 1979 586 2036 utuntur
596 1990 698 2037 more
707 1963 962 2066 soph1starum
969 1964 1198 2039 Manifestum
1251 1969 1255 1974 ’

317 2127 318 2134 ’
429 2120 743 2196 estarhetonbus
734 2149 772 2194 ιιι
780 2128 1057 2196 ostentationem
1063 2130 1200 2220 lactan,

323 2277 326 2290 ’
430 2279 700 2380 disciplinarum
722 2282 929 2378 artiumque
948 2295 1099 2354 matrem
1123 2307 1198 2354 esse

429 2437 672 2529 Rhetoricam,
709 2463 864 2536 eamque
900 2455 1069 2537 praeterea
1105 2444 1198 2511 simi·

429 2594 501 2666 lem
538 2619 614 2667 esse
651 2598 879 2693 repositorio,
911 2595 967 2668 vel
993 2596 1074 2668 loco
1100 2596 1197 2669 unde
1269 2600 1273 2606 ’
1382 2630 1388 2640 ι

428 2748 710 2848 proficiscuntur
729 2751 956 2848 navigan'tes3
979 2765 1088 2849 atque
1103 2753 1197 2824 mul·
1262 2792 1269 2796 -

425 2921 465 2978 to
478 2909 591 3004 magis
604 2909 654 2978 ita
667 2901 705 2978 se
712 2905 859 2998 habere,
866 2911 1104 2981 siassumatur
1113 2933 1196 2982 eum

425 3064 656 3162 persuasione
697 3042 901 3161 conjoncta'.
933 3065 1042 3156 Quod
1075 3079 1196 3138 autem

430 3247 451 3292 a
478 3221 663 3293 nonnullis
695 3220 845 3310 licien,
879 3221 1107 3294 Rhetoricam
1144 3225 1197 3293 ni-

428 3379 563 3451 mirum
584 3403 715 3453 nocere
740 3404 806 3478 per
823 3405 932 3453 omne
948 3381 1197 3454 incommodo
1283 3360 1287 3368 s

328 3559 333 3568 ‘
429 3562 512 3608 rum
532 3562 613 3634 quae
630 3535 738 3610 infert
751 3562 876 3636 genno,
899 3543 938 3609 in
949 3495 1046 3610 aliuil
1054 3553 1197 3639 tempus

401 3693 640 3795 differimus.
683 3699 761 3770 Hoc
785 3721 896 3792 veros
918 3695 954 3767 id
990 3710 1044 3769 est
1084 3699 1196 3796 ipsius

427 3851 581 3943 effectis,
605 3860 711 3956 qnasi
731 3857 966 3954 testimoniis,
991 3854 1210 3928 confirmari·

430 4014 573 4108 eosqui
595 4018 633 4085 in
670 4015 862 4087 Rhetorica
898 4016 1079 4085 immorati
1111 4028 1196 4084 sunt
