3198 5288
1121 528 1207 588 XXV

215 703 339 752 carum
361 705 482 751 rerum
498 679 689 777 scriptores
703 693 971 763 memorantur3
992 701 1061 764 ete,
1084 701 1207 774 quam-

214 795 269 864 vis
287 799 449 892 personis
475 794 659 891 rebusque
682 795 847 892 apprime
869 791 1207 876 accommodentur,

215 909 426 995 scribentis,
449 933 679 1005 nequaquam
706 923 826 978 autem
846 907 998 979 dicentis
1017 899 1206 978 testifican-

215 1037 277 1093 tur
296 1021 514 1094 facundiam.

264 1137 492 1216 Dinarchus.
532 1139 595 1233 qui
632 1137 803 1208 vicesimo
842 1138 972 1232 quinto
1009 1135 1064 1206 vel
1103 1149 1206 1206 sexto

214 1253 327 1323 aetatis
348 1277 459 1338 anno,
478 1250 725 1322 Demosthene
750 1249 915 1341 florente,
933 1249 1089 1322 scribere
1108 1253 1206 1320 ince-

215 1371 271 1460 pit
296 1365 392 1462 (73),
415 1365 505 1436 nihil
524 1369 716 1464 proprium
736 1364 881 1452 habuit;
900 1369 1037 1462 quippe
1059 1367 1120 1460 qui
1142 1369 1207 1458 Ly·

215 1482 317 1566 siam,
336 1480 570 1578 Hyperidem,
589 1481 752 1578 aliosque
770 1480 950 1551 studuerit
967 1471 1099 1551 imitari
1114 1481 1202 1575 (74).

213 1593 501 1664 Demosthenem
546 1594 583 1663 in
636 1594 760 1691 primis
796 1607 974 1679 sectatus,
1022 1591 1066 1664 ad
1099 1594 1206 1686 hujus

213 1706 507 1802 perfectissimam
555 1709 801 1805 eloquentiam
853 1709 1002 1806 propius
1058 1709 1204 1777 accessit

214 1844 324 1915 quam
370 1824 517 1910 creteri3
567 1821 657 1892 adeo
703 1835 821 1891 tamen
859 1822 1017 1919 principi
1061 1822 1205 1892 Graeciae

212 1949 398 2006 oratorum
419 1935 600 2006 dissimilis
618 1933 703 2023 fuit,
724 1949 765 2005 ut
783 1942 932 2032 agrestis
947 1935 1205 2005 Demosthenes

212 2047 395 2120 diceretur
409 2048 497 2146 (75).
515 2051 723 2121 Demetrius
737 2051 946 2138 Phalereus,
965 2051 1115 2121 ultimus
1130 2049 1204 2120 fere

211 2187 257 2231 ex
286 2165 412 2233 Atticis
437 2164 501 2258 qui
526 2163 597 2233 dici
618 2165 730 2260 possit
756 2179 880 2234 orator
903 2162 997 2259 (76),
1020 2162 1205 2234 inclinavit

38 2271 39 2280 ’
129 2359 134 2372 ἱ
210 2278 453 2372 eloquentiam
478 2302 579 2372 quae,
607 2274 630 2348 'e
666 2279 778 2348 Piraeo
811 2281 876 2346 ‚vix
902 2289 1205 2363 evecta,'0mnes

210 2526 325 2584 monios
352 2524 519 2602 adjunxit.»
540 2525 620 2584 Idem
647 2525 769 2586 Achaeos
788 2525 826 2582 ad
852 2543 999 2582 armorum
1018 2525 1127 2582 cultum
1155 2525 1204 2581 im-

209 2621 303 2696 pulit,
331 2619 434 2698 Polyb.
449 2625 517 2693 XI,
541 2643 580 2698 93
604 2620 876 2698 Megalopoliteuses
894 2622 1036 2679 allocutus
1059 2634 1120 2688 est,
1140 2623 1205 2678 Plu-

209 2718 300 2776 tarch.
317 2718 525 2796 Philopoemen.
548 2725 574 2778 V
585 2740 593 2789 3
606 2739 662 2776 una
675 2739 740 2776 cum
764 2718 890 2796 Lycorta
905 2719 1068 2776 orationem
1093 2717 1203 2789 babuit,

208 2813 310 2891 Polyb.
320 2815 413 2894 ttetiq.
424 2815 473 2875 lib.
488 2819 604 2886 XXIII,
622 2837 667 2876 10.

247 2912 309 2991 (69)
321 2913 397 2974 Vide
411 2913 490 2991 apud
504 2913 562 2972 Tit.
576 2914 638 2973 Liv.
650 2916 806 2991 XXXIX,
833 2915 1067 2988 36,0rati0nem
1079 2913 1217 2990 quaLy:
1289 2943 1291 2949 ·

207 3021 302 3068 curtas
319 3010 470 3087 respondit
488 3011 594 3088 Appio.
608 3010 684 3072 Vide
697 3010 786 3069 verba
806 3010 911 3088 quibus
926 3011 1039 3071 Achaeis
1055 3010 1157 3082 suasit,
1172 3023 1204 3067 ut

207 3107 340 3182 Spartam
366 3107 396 3162 in
416 3106 509 3164 Ioedus
522 3107 701 3183 reciperent,
712 3105 790 3184 apud
810 3105 912 3182 Polyb.
930 3106 1021 3182 ttetiq.
1040 3103 1090 3163 lib.
1107 3108 1204 3177 XXV,

209 3223 220 3256 t
233 3224 241 3272 ;
257 3201 418 3259 orationem
431 3221 497 3260 cum
512 3201 734 3280 Philopoemene
747 3201 850 3260 habuit
858 3246 866 3274 ,
880 3200 952 3260 ibid.
964 3201 1014 3259 tib.
1026 3205 1139 3272 XXIII,
1160 3221 1204 3258 ro.

244 3297 306 3375 (7ο)
318 3298 360 3358 Cf.
377 3300 524 3356 orationes
536 3297 641 3376 quibus
657 3299 816 3358 Aristaenus
827 3299 960 3356 hortatus
972 3311 1015 3356 est
1028 3297 1059 3356 1⁰
1071 3298 1204 3374 Acbaeos,

206 3406 237 3450 ut
252 3413 318 3452 cum
331 3396 468 3454 Romanis
483 3397 650 3455 societatem
671 3396 887 3473 amicitiamque
901 3395 1044 3465 facerent,
1064 3395 1122 3455 Tit.
1140 3395 1203 3453 Liv.

204 3494 331 3570 XXXII,
351 3511 436 3568 19-21
450 3513 458 3560 ;
470 3495 503 3548 2⁰
525 3493 684 3565 Romanos,
696 3505 757 3550 uta
770 3491 884 3552 Nabide
895 3503 1101 3570 recuperarent
1110 3494 1204 3568 Argos

206 3600 234 3643 et
252 3587 371 3646 Graeciae
387 3608 432 3646 res
445 3590 666 3659 constituerent,
676 3588 751 3647 ibid.
763 3592 902 3659 XXXIV,
915 3599 961 3658 24.

248 3684 307 3764 (71)
319 3684 421 3761 Polyb.
438 3687 531 3764 ttetiq.
544 3684 594 3744 lib.
606 3691 658 3755 IX,
676 3687 775 3744 28-31.

245 3780 307 3860 (72)
321 3783 401 3840 Idem
411 3826 419 3854 ,
430 3781 503 3842 ibid.
515 3785 613 3858 32-39.

244 3877 305 3957 (73)
323 3880 443 3957 Dionys.
455 3882 547 3940 Halic.
558 3881 588 3938 in
603 3880 740 3939 Dinarch.
753 3883 798 3938 tv.

239 3974 307 4053 ’(74)
323 3976 414 4048 Idem,
424 3977 496 4036 ibid.
517 3984 552 4036 V.

244 4073 305 4150 (75)
328 4075 449 4151 Dionys.
472 4076 562 4134 Halic.
589 4075 660 4133 ibid.
689 4080 758 4133 VIII
779 4099 785 4132 :
805 4075 925 4152 μάλιστα
943 4073 965 4132 δ’
977 4075 1056 4132 αὐτοῦ
1081 4070 1201 4131 λείπεται

203 4173 235 4248 τῇ
251 4171 401 4253 συμμετρίᾳ
424 4173 468 4232 καὶ
491 4175 529 4254 τῷ
554 4176 638 4254 καιρῷ
654 4170 804 4254 πρέποντι..
818 4217 824 4232 .
839 4172 894 4231 ,Δι’
907 4170 971 4230 αὐτὸ
988 4168 1038 4250 γὰρ
1055 4176 1131 4228 τοῦτο
1153 4169 1199 4228 aul
