3174 5284
382 536 446 633 aa
626 558 628 569 ·
690 537 1042 612 snvorlrronns

374 705 451 766 321:
465 698 518 769 Ὦς
537 692 582 766 οὖν
593 701 729 780 ποιήσετε,
745 704 791 764 καὶ
809 701 929 769 catenat
943 725 989 782 μοι
1009 700 1155 784 ριιὸδσΰχσν
1167 704 1213 767 nt
1221 704 1365 780 ἐπιστάτην

373 794 419 854 καὶ
430 793 557 878 πρύτανιν
569 793 690 872 ἑλέσθαι,
702 795 729 866 ὃς
740 800 801 876 ὑμῖν
822 795 929 881 φυλάξει
943 795 975 856 τὸ
986 793 1093 880 μέτριον
1111 797 1196 876 μῆκος
1207 798 1259 856 τῶν
1279 795 1365 878 λόγων

372 890 506 976 ἐκατέρου.

410 1019 445 1076 V.
479 1035 524 1078 ιι.
549 1009 629 1084 Ἴσως
653 1039 683 1076 σε
706 1016 829 1079 καί...
866 1019 1007 1081 tultae
1030 1011 1162 1091 ICIDC
1187 1066 1196 1085 .
1225 1069 1267 1091 ..
1296 1013 1365 1107 ΑΙ,

372 1130 423 1190 ubi
441 1130 526 1190 facile
548 1131 604 1190 fnit
631 1131 783 1193 scriberet
808 1129 888 1199 Ἴσως
909 1153 939 1191 τι
958 1129 1015 1191 καί.

410 1241 445 1301 V.
462 1241 568 1316 16-17.
588 1239 773 1322 -Ἇδιαληψίιις,
785 1284 813 1300 ..
841 1243 948 1303 Deerat
959 1261 991 1300 ιιι
1011 1239 1183 1300 Lexianae
1198 1239 1257 1300 baec
1279 1259 1366 1319 quam

371 1357 449 1408 nuno
466 1337 555 1398 babet
574 1340 610 1398 ll.
625 1337 764 1418 Stepben.
779 1338 877 1413 Thes,
899 1338 946 1398 ed.
970 1337 1070 1398 Ditlot.
1090 1347 1112 1395 t.
1133 1338 1159 1407 l,
1181 1357 1211 1415 p.
1232 1337 1301 1412 658,
1315 1336 1367 1397 ubi

369 1436 490 1512 legitur:
503 1430 691 1516 «Ἄδιαλὴψία,
702 1435 900 1514 Continuitas,
915 1447 1004 1496 status
1016 1435 1067 1514 qui
1081 1433 1236 1494 divisiones
1251 1454 1310 1492 non
1322 1455 1369 1493 re-

371 1533 453 1611 cipit.
467 1533 537 1591 tiss.
553 1533 669 1592 Hercul.
683 1534 779 1594 Oxou.
801 1546 878 1614 part.
893 1554 921 1607 a,
933 1553 963 1614 p.
977 1535 1034 1606 28,
1054 1533 1183 1594 Cramer.
1196 1531 1366 1611 »(llepone‚

369 1649 401 1707 p.
414 1629 475 1707 23.)
497 1632 542 1689 De
561 1649 608 1690 me
626 1629 657 1688 in
678 1631 781 1708 primis
796 1631 916 1690 meritus
940 1642 984 1689 est
995 1629 1105 1707 optime
1117 1629 1163 1688 vir
1184 1629 1237 1707 qui
1257 1629 1366 1688 Lexico

370 1725 597 1790 Philodemicam
631 1747 734 1788 vocem
768 1729 900 1790 inseruit.
932 1726 1045 1787 Ibidem
1074 1727 1118 1788 (ΙΙ.
1152 1728 1271 1788 Passov.
1316 1726 1366 1784 dat

370 1821 540 1896 ἇδιαλήπσως
563 1825 806 1902 inseparabiliter,
829 1845 847 1885 e
876 1824 1039 1886 Philoclem.
1060 1824 1105 1882 lle
1129 1823 1186 1896 Ire,
1205 1823 1227 1896 I,
1250 1843 1280 1900 p.
1317 1843 1365 1896 77.

369 1919 461 1979 Aliter
483 1922 577 1980 sentio
603 1922 640 1982 de
653 1923 863 2000 significatione
873 1923 956 1982 vocis
971 1919 1118 2002 ἀδιαληψία
1130 1923 1162 1982 ln
1176 1932 1276 1979 nostro
1290 1921 1367 1978 loco.

369 2017 501 2094 InteIIIgo
513 2039 521 2077 ι
536 2043 548 2072 a
561 2019 586 2078 Ε
599 2025 814 2082 ratiocinationis
831 2017 942 2096 defectu
953 2020 1087 2100 procedit
1106 2017 1138 2078 id
1156 2017 1239 2096 quod
1264 2018 1367 2096 aqui-

368 2111 492 2173 busdam
515 2115 636 2188 dicitur3
662 2117 729 2175 »ita
746 2129 778 2176 ut
796 2118 833 2176 sit
855 2115 1018 2198 ἄδιαληψίιι,
1041 2115 1119 2176 idem
1147 2113 1228 2193 quod
1250 2113 1366 2186 ἄδισῖλη-

368 2211 432 2290 litt,
452 2212 669 2293 oppositumr‘pl
688 2210 820 2292 διαλήψει.
843 2212 931 2292 Apud
954 2212 1110 2290 Polybium
1139 2211 1232 2285 enim,
1256 2210 1367 2270 Budaeo

369 2307 516 2377 tradente,
540 2307 664 2392 διαληψις
686 2321 730 2369 est
748 2312 925 2388 disceptatio,
949 2315 1136 2381 ratiocinatio,
1165 2310 1203 2369 II.
1225 2308 1366 2386 Stephan.

370 2405 456 2464 Thes.
477 2407 521 2478 Il,
542 2426 573 2484 p.
601 2406 695 2477 1218,
717 2407 762 2466 ed.
787 2407 887 2467 Didot.
911 2405 1116 2486 conjecturem
1133 2425 1229 2465 meam
1249 2406 1368 2465 firmare

369 2502 485 2562 videtur
495 2504 560 2581 ipsa
574 2524 672 2562 rerum
684 2504 782 2564 series.
795 2505 998 2565 Philodemum
1011 2503 1185 2573 audivimus,
1205 2504 1258 2560 col.
1274 2503 1366 2576 XXII,
1444 2533 1447 2538 ·

369 2619 399 2658 v.
422 2601 516 2674 (ι’-ιο,
528 2601 741 2678 vituperantem
760 2621 810 2660 eos
821 2601 888 2680 qui,
908 2621 999 2679 pravo
1013 2600 1145 2660 occaecati
1162 2598 1291 2678 judicio,
1310 2619 1366 2658 cu—

371 2717 434 2756 ram
460 2698 667 2776 impenderunt
688 2699 832 2758 methodis
872 2699 1029 2777 unicnique
1053 2699 1110 2758 arti
1140 2697 1261 2756 seorsim
1297 2717 1368 2756 con·

370 2793 562 2869 vementibus,
588 2794 798 2874 docentemque
812 2795 866 2868 col.
888 2796 979 2868 XXII,
992 2815 1021 2854 v.
1046 2814 1157 2868 10-273
1181 2795 1236 2860 col.
1253 2794 1367 2866 XXIII,

369 2909 398 2948 v.
414 2891 496 2964 1-16,
514 2891 569 2950 trie
578 2890 644 2950 inde
657 2893 739 2970 sequi
753 2912 818 2970 quae
832 2892 969 2950 damnum
981 2891 1115 2950 afferunt.
1130 2890 1221 2951 Addit
1231 2911 1307 2950 nunc
1317 2893 1368 2962 τῆς

369 2987 450 3060 αὐτῆς
475 2985 633 3070 ἀδιαληψίας
650 2989 729 3048 aliud
756 2987 902 3068 pendere,
919 2988 1058 3058 nlmirum
1077 2987 1239 3047 Rhetoricae
1262 2985 1368 3046 defini-

370 3083 478 3142 tionem
488 3104 576 3164 quam
589 3085 667 3159 citat,
682 3105 711 3144 v.
725 3085 838 3158 20-23,
851 3085 1048 3162 maledicoque
1061 3084 1147 3142 dente
1159 3084 1266 3162 carpit,
1281 3104 1311 3143 v.
1326 3085 1366 3142 25

370 3201 453 3260 sqq.;
478 3195 513 3243 ut
535 3195 604 3260 pote
629 3181 765 3246 vitiosam
784 3188 821 3244 ex
841 3181 877 3242 its
910 3202 974 3261 quae
996 3182 1059 3242 fuse
1073 3192 1177 3242 tractat
1193 3181 1247 3242 col.
1259 3181 1367 3256 XXIII,

370 3297 398 3337 v.
420 3277 533 3352 25-273
554 3278 610 3336 col.
627 3279 730 3352 XXIV,
754 3299 783 3337 v.
800 3295 835 3338 ιο
851 3297 933 3356 sqq„
951 3277 1002 3336 ubi
1021 3277 1220 3338 demonstrare
1244 3289 1368 3339 conatur

369 3375 436 3434 illos
454 3374 699 3451 quiRhetoricam
717 3375 759 3441 sic
778 3373 971 3446 definierunt,
987 3373 1214 3434 ratiocinationis
1231 3385 1367 3452 expertes

370 3487 441 3528 esse.
460 3469 532 3528 llihi
548 3489 609 3529 non
619 3469 713 3548 liquet
725 3469 796 3550 quid
807 3469 846 3530 ad
856 3469 935 3544 haec,
948 3475 1125 3547 continuitas,
1138 3483 1228 3530 status
1238 3476 1287 3548 qui
1300 3473 1368 3528 dici·

370 3570 458 3626 stanes
474 3585 529 3624 non
547 3570 668 3644 recipit?

410 3681 445 3740 V.
461 3681 565 3754 17-23.
587 3683 676 3742 Τοῦτο
692 3674 1030 3762 λεγόμενον-εὑρίσκειν.
1044 3725 1071 3741 ..
1094 3681 1234 3759 Agnoscis
1253 3681 1366 3760 Epicu-

371 3798 470 3852 reum,
483 3778 562 3856 apud
576 3798 664 3857 quem
680 3778 769 3836 moris
784 3789 828 3836 est
847 3777 1029 3856 supprimere
1049 3797 1157 3837 nomen
1172 3796 1273 3837 eorum
1290 3797 1365 3856 quos

371 3877 495 3937 lacessit.
517 3880 618 3938 Sermo
640 3885 685 3936 est
708 3875 745 3934 de
767 3875 897 3948 Ariston,
917 3876 1000 3936 llhet.
1015 3877 1049 3946 l,
1067 3893 1105 3934 a:
1121 3872 1215 3934 Ἔστω
1238 3874 1262 3932 δ’
1278 3877 1296 3946 ἡ
1313 3877 1365 3955 ρη-

369 3971 478 4056 coptari,
500 3971 610 4052 δύναμις
633 3971 695 4055 nepl
717 3971 827 4033 ἕκαστον
851 3976 897 4032 τοῦ
921 3974 1054 4053 θεωρῆσαι
1071 3969 1103 4031 ελ
1127 3969 1296 4052 ἐνδεχόμενον
1316 3993 1364 4030 πι-

373 4071 460 4133 θανόν.

411 4169 444 4226 V.
473 4190 520 4240 σς.
559 4169 616 4238 Τῆς
637 4167 812 4246 εὑρέσεως...
843 4167 958 4228 Similia
991 4166 1026 4225 de
1057 4168 1225 4226 Inventione
1253 4163 1363 4242 praebet
