3174 5284
359 506 428 580 τοι
670 503 1027 594 Auuouuuouus

355 692 420 752 quae
434 669 587 730 traduntur
607 667 645 725 de
656 665 739 732 οὐδεὶς
752 663 823 734 ὅστις
835 667 881 741 οὗ,
896 667 927 726 in
939 667 1048 746 vigea,
1062 665 1203 727 Idiotism.
1212 668 1259 743 11,
1272 687 1301 742 a,
1314 688 1346 746 p.

351 772 407 858 οδ,
418 780 479 828 not.
492 765 539 840 35,
551 763 595 825 ed.
611 763 766 822 Hermann.
778 789 790 814 ο
805 765 839 822 ln
859 764 1011 840 negatione
1032 762 1113 828 οὐδεὶς
1123 759 1195 831 ὅστις
1207 766 1247 837 οὐ,
1267 785 1348 824 neruo

356 884 422 936 non,
438 875 468 922 et
478 879 558 920 more
571 859 740 917 Latinorum
756 857 818 917 duae
839 859 1004 937 negationes
1026 858 1188 920 adfirmant.
1209 861 1268 920 Nec
1282 879 1351 920 raro

357 965 419 1022 haee
434 963 466 1019 in
476 961 533 1017 fine
548 955 743 1016 inveniuntur.
755 956 830 1014 Plat.
848 957 938 1034 Hipp.
953 955 1019 1034 Maj.
1038 976 1103 1036 pag.
1114 977 1183 1036 299,
1194 958 1257 1016 init.
1267 978 1275 1012 τ
1285 953 1352 1018 Ὅτι

358 1057 492 1139 καταγελᾷ
503 1053 534 1115 δν
547 1056 624 1132 ἡμῶν
638 1051 719 1119 οὐδεὶς
733 1049 811 1120 ὅστις
825 1053 866 1128 οὗ,
888 1060 954 1130 quia
972 1075 1052 1111 nemo
1068 1075 1124 1112 non
1147 1075 1197 1113 nos
1219 1055 1351 1114 irridebit.

360 1155 449 1229 Quasi
461 1154 589 1226 diceret,
604 1148 697 1216 Οὐδείς
709 1147 791 1225 ἐστιν,
802 1145 873 1215 ὅστις
890 1150 920 1207 οὐ
941 1162 1006 1224 σιω,
1031 1170 1112 1208 nemo
1129 1165 1173 1209 est
1192 1158 1241 1228 qui
1259 1173 1323 1211 non.
1337 1179 1350 1203 n

359 1253 433 1313 Vide
446 1250 515 1309 ibid.
531 1248 644 1308 Arrian.
659 1245 696 1304 de
706 1247 818 1325 Exped.
834 1247 917 1306 Alex.
929 1247 986 1324 111,
999 1249 1047 1308 23.
1071 1281 1073 1288 ι

411 1351 446 1408 V.
473 1345 588 1406 10-18.
620 1340 759 1425 Δεύτερον)
787 1340 1054 1421 δὲ-νομίζουσι...
1093 1345 1193 1423 Carpit
1232 1346 1354 1406 Aristot.

361 1427 766 1522 Βὴεε.1,τεΤῶνγὰρ’ἄλλων
787 1439 887 1512 ἑκάστη
901 1463 951 1523 περ
976 1439 1007 1500 τδ
1026 1441 1094 1521 αὐτῇ
1109 1440 1280 1520 ὑποκείμενόν
1295 1443 1355 1500 ἐστι

362 1541 536 1614 διδασκαλική
549 1539 596 1600 καί
608 1537 732 1612 πειστική
743 1561 750 1576 ·
763 1527 827 1613 οἷον,
842 1537 948 1621 ἰατρικὴ
961 1539 1021 1621 περὶ
1040 1539 1152 1618 ὖγιεινδν
1165 1539 1212 1599 καί
1233 1539 1356 1624 νοσερόν·

363 1643 409 1704 καὶ
432 1636 583 1721 γεωμετρία
606 1624 669 1719 περί
690 1636 726 1694 τὰ
756 1633 945 1714 συμὸεὸηκίεα
966 1636 1039 1710 πάθη
1069 1645 1122 1704 τοῖς
1154 1637 1352 1717 μεγίθεσι....

161 1805 164 1812 ,
243 1751 245 1764 '
363 1737 483 1818 Ὁμοίως
497 1734 582 1796 δὲκαὶ
596 1735 623 1794 αἱ
637 1732 728 1792 λοιπαί
737 1735 790 1792 τῶν
802 1735 903 1812 τεχνῶν
918 1733 964 1793 καί
975 1736 1146 1813 ἐπιστημῶν·
1161 1739 1179 1808 ἡ
1192 1733 1220 1794 δὲ
1232 1733 1358 1820 ῥητορικὴ

365 1835 427 1917 περὶ
442 1837 489 1893 τοῦ
501 1830 628 1906 δοθέντος,
640 1830 676 1898 ὡς
690 1831 783 1904 εἰπεῖν,
796 1830 867 1888 δοκεῖ
880 1827 1006 1889 δύνασθαι
1017 1834 1121 1912 θεωρεῖν
1142 1829 1173 1890 τὸ
1188 1830 1283 1891 πιδανό
1300 1879 1307 1891 .

405 1933 440 1991 V.
455 1931 557 1990 18-21.
571 1926 627 1988 Kal
646 1927 724 1998 δῆλον
737 1927 964 2008 -εὐποροῦντες.
977 1972 1004 1985 ..
1032 1927 1141 1989 Similia
1155 1928 1246 2006 jactat
1259 1931 1290 1987 in
1307 1949 1359 1988 so-

367 2029 479 2110 phistas
490 2026 550 2085 Cio.
563 2027 607 2084 De
619 2025 699 2084 Orat.
708 2024 758 2096 lll,
771 2025 807 2084 32
820 2045 827 2080 :
841 2024 927 2084 «Illos
940 2035 1052 2084 veteres
1058 2025 1206 2099 doctores,
1219 2039 1364 2085 auctores·

367 2148 426 2207 que
435 2124 556 2186 dicendi
566 2124 677 2183 nullum
697 2142 787 2200 genus
807 2122 1042 2200 disputationisa
1060 2143 1090 2183 se
1103 2125 1227 2184 alienum
1246 2139 1363 2204 putasse

370 2225 546 2303 accepimus,
571 2238 743 2300 semperque
764 2239 826 2278 esse
849 2221 880 2278 in
901 2221 981 2279 omni
1003 2223 1134 2282 oratione
1157 2235 1293 2282 versatos.
1315 2223 1363 2281 Ex

370 2321 477 2400 quibus
489 2320 576 2380 Eleus
588 2317 726 2396 Hippias,
736 2335 827 2394 quum
837 2317 1001 2395 Olympiam
1021 2317 1154 2391 venisset,
1175 2319 1298 2378 maxima
1312 2319 1365 2378 illa

370 2417 577 2498 quinquennali
591 2413 757 2475 celebritate
770 2414 922 2488 ludorum,
939 2415 1076 2492 gloriatus
1093 2428 1146 2490 est,
1168 2429 1271 2476 cuncta
1281 2437 1366 2494 paene

372 2517 506 2576 audiente
514 2514 633 2587 Graecia,
648 2511 720 2571 nihil
739 2531 800 2572 esse
811 2512 869 2570 ulla
888 2513 919 2570 in
932 2525 992 2572 arte
1018 2532 1115 2572 rerum
1133 2514 1262 2572 omnium
1284 2513 1365 2591 quod

372 2614 437 2691 ipse
447 2611 571 2670 nesciret
577 2631 586 2681 3
597 2629 651 2668 nec
661 2610 754 2668 solum
774 2608 826 2668 has
845 2621 935 2682 artes,
949 2609 1056 2692 quibus
1075 2609 1207 2670 liberales
1229 2611 1367 2670 doctrinae

374 2720 461 2787 atque
474 2709 604 2785 ingenuae
617 2707 842 2780 continerentur,
853 2689 1043 2784 geometriam,
1055 2712 1197 2778 medeam,
1212 2713 1366 2765 litteramm

373 2813 553 2884 cognitionem
574 2817 605 2862 et
616 2817 775 2880 poetarum,
804 2811 891 2882 atque
914 2804 963 2861 illa
979 2823 1044 2882 quae
1066 2804 1103 2862 de
1125 2805 1235 2863 naturis
1255 2825 1368 2878 rerum,

375 2923 442 2981 quae
453 2901 489 2960 de
498 2900 647 2961 hominum
658 2900 806 2974 moribuS,
821 2919 883 2978 qute
894 2898 931 2971 de
943 2900 1028 2959 rebus
1047 2900 1171 2978 publicis
1190 2902 1370 2976 dicerentur3

375 2999 427 3059 sed
437 2999 575 3058 annulum
588 2996 820 3076 quemhaberet,
832 2999 951 3076 pallium
966 3018 1026 3076 quo
1046 2997 1176 3073 amictus,¹
1189 3019 1287 3060 soccos
1307 3001 1372 3078 qui-

375 3094 431 3156 bus
441 3094 560 3156 indutns'
569 3107 654 3170 esset,
664 3114 695 3154 se
706 3113 758 3156 sua
767 3114 855 3156 manu
866 3095 1030 3156 coniecisse.
1040 3120 1053 3148 ν
1065 3096 1109 3154 cf„
1117 3097 1216 3174 Apul,
1228 3097 1248 3156 F
1250 3095 1370 3156 loridor.

377 3192 443 3252 Lib.
455 3192 494 3252 ll.

417 3288 453 3347 V.
470 3289 575 3360 eli-27.
585 3287 652 3349 Οὐδ’
666 3287 716 3347 εἶσὶ
731 3286 780 3367 μὲν
795 3287 934 3348 κοιναί...
957 3291 1025 3350 llaec
1043 3301 1105 3350 toto
1123 3289 1197 3348 coelo
1212 3289 1318 3348 distant
1331 3287 1372 3348 ab

380 3385 498 3444 Aristot.
527 3385 611 3444 llhet.
631 3387 655 3460 l,
678 3407 691 3445 1
716 3409 724 3444 :
753 3382 791 3448 ‘ll
811 3385 937 3469 ῥητορική
959 3387 1030 3446 ἔστιν
1052 3385 1222 3469 ἀντίστροφος
1236 3389 1269 3466 τῇ
1284 3386 1374 3444 διαλε-

380 3484 473 3562 κτικῇ·
494 3479 641 3565 ἆμρίεεραι
659 3480 711 3567 γὰρ
733 3483 794 3568 περὶ
807 3482 932 3543 τοιούτων
946 3485 1024 3543 τινῶν
1041 3481 1158 3562 datust
1178 3481 1254 3545 κοινὰ
1274 3479 1372 3565 τρόπον

379 3575 441 3637 τινὰ
452 3577 574 3641 ἁπάντων
588 3579 644 3640 ἐστὶ
657 3579 802 3664 γνωρίζειν,
813 3578 859 3639 καί
871 3569 992 3659 οὐδεμίαι
1009 3580 1159 3661 ἐπιστήμης
1176 3577 1373 3664 ἀρωρισμένης.
1415 3602 1425 3618 ·

382 3673 456 3738 lbid.
473 3673 575 3737 atdtl
590 3674 636 3738 καί
649 3675 737 3761 φαμὲν
754 3673 836 3749 αὐτὴν
850 3679 882 3736 οὔ
900 3677 961 3760 περί
974 3701 1001 3737 τι
1012 3677 1088 3758 γένος
1104 3677 1170 3740 ίδιον
1187 3673 1372 3762 ἀφωρισμένον

383 3773 454 3854 ἔχειν
467 3773 498 3835 τδ
514 3773 621 3855 τεχνικοί
634 3819 643 3834 ι.

809 3977 928 3996 ψ
