3174 5284
399 509 465 580 108
711 513 1066 584 ANNOTATIONES

394 675 546 754 sophistis,
573 696 589 734 ε
611 675 739 734 Platonis
759 677 885 754 Gorgia,
909 678 997 737 tradit
1010 680 1069 738 Cir.
1088 681 1129 738 De
1143 683 1223 740 Orat.
1249 683 1309 750 ili.
1331 685 1388 744 32:

393 778 546 852 «Namque
564 773 630 833 iilos
642 786 754 834 veteres
770 775 905 834 doctores
926 789 1121 855 auctoresque
1142 777 1259 838 dicendi
1276 783 1386 839 nulium

392 891 483 950 genus
509 870 714 949 disputationis
734 889 752 929 a
771 889 802 930 se
822 872 950 930 alienum
971 883 1090 951 putasse
1108 876 1288 953 accepimus,
1310 897 1385 935 seru-

394 987 505 1046 perque
515 987 578 1025 esse
589 967 620 1024 in
633 967 714 1026 omni
725 969 866 1026 orationis
877 970 991 1029 ratione
1002 982 1139 1030 versatos.
1151 997 1164 1025 ι
1176 977 1221 1031 De
1232 992 1264 1031 re
1273 972 1390 1033 audieu-

396 1066 450 1124 dus
464 1066 576 1142 Syriau.
591 1064 689 1124 Schol.
702 1066 733 1122 in
747 1066 881 1141 Hermog.
904 1069 947 1126 De
961 1067 1109 1140 statibus,
1122 1069 1178 1128 uh.
1198 1087 1240 1146 gr.
1253 1070 1356 1141 Wrdz„
1369 1083 1391 1128 t.

394 1163 443 1234 lv,
457 1181 486 1239 p.
501 1170 534 1230 dr
553 1182 560 1218 ε
576 1158 718 1220 Τοσσότων
730 1151 775 1219 οάν
790 1161 838 1220 καὶ
848 1159 974 1221 τοιούτων
989 1160 1087 1242 τέχνην
1100 1161 1242 1246 ῥητορικὴν
1255 1163 1392 1244 βεόαιοόν-

395 1281 449 1317 των
468 1256 546 1325 addc
561 1248 636 1324 οὗτος
648 1260 663 1316 δ
673 1257 862 1340 προειρημένος
874 1257 1002 1340 σοφιστὴς
1017 1256 1106 1341 ἀλόγιμ
1117 1259 1196 1341 τριάῇ
1208 1259 1309 1332 ταύτην
1337 1285 1390 1320 κα-

397 1359 505 1438 τορθοῦν
515 1353 661 1415 διετείνετο.

437 1469 472 1537 V.
489 1479 592 1537 13-16.
616 1479 658 1538 oo
679 1477 1102 1562 πεπαιδευμένων-διατριὸαῖς.
1115 1525 1120 1537 .
1133 1527 1139 1540 .
1154 1481 1187 1541 lu
1200 1481 1265 1544 dis:
1283 1468 1391 1545 ΔΙΑ-

400 1587 568 1665 ΤΡο.Ν.
587 1597 787 1679 Cogitaveruiu
807 1601 844 1660 de
860 1603 1029 1685 διατροφσῑς,
1044 1605 1091 1664 vei
1113 1604 1211 1683 potius
1226 1605 1394 1687 ἀνατροφαῖς,

398 1705 477 1764 idem
496 1705 674 1784 significante
693 1718 782 1785 atque
804 1705 919 1788 τροφαί,
945 1708 1009 1768 h.e.
1033 1709 1197 1767 documenta
1223 1730 1289 1785 quoe
1309 1713 1397 1767 uadit

400 1806 543 1875 educati03
565 1803 593 1862 id
614 1804 694 1882 quod
716 1805 844 1884 reperias
865 1806 944 1883 apud
964 1806 1077 1866 Platon.
1101 1807 1215 1868 Phaedr.
1238 1808 1325 1868 Bekis.
1347 1809 1393 1866 ed.

402 1899 494 1960 Lond.
511 1902 597 1970 1826,
625 1912 645 1960 t.
666 1900 701 1974 l,
718 1920 748 1977 p.
764 1921 839 1976 179:
861 1899 1024 1962 Παντάπασι
1046 1900 1119 1983 γάρ,
1147 1900 1162 1962 δ
1180 1900 1227 1961 καὶ
1238 1902 1297 1962 κατ’
1308 1899 1395 1984 ἀρχὰς

402 1995 510 2074 εἴπομεν
524 1996 600 2054 τοῦδε
611 2000 658 2055 τοῦ
674 1995 772 2076 λόγου,
786 1995 827 2056 δτι
843 1996 916 2057 οὐδὲν
938 1998 1063 2072 ἀληθείας
1077 1997 1199 2080 μετέχειν
1214 1998 1268 2058 δέοι
1286 1998 1395 2060 δικαίων

401 2094 418 2167 ἢ
434 2096 538 2173 ἀγαθῶν
551 2093 611 2176 περὶ
625 2093 801 2175 πραγμάτων,
820 2093 838 2166 ἢ
857 2095 902 2154 καὶ
914 2093 1059 2178 ἀνθρώπων
1074 2120 1104 2176 γε
1120 2095 1246 2157 τοιούτων
1258 2094 1335 2179 φύσει
1348 2095 1396 2155 ὄν-

402 2216 455 2254 των
468 2191 486 2264 ἢ
501 2195 596 2276 τροφῇ,
614 2187 659 2250 τὸν
671 2188 804 2270 μέλλοντα
817 2193 914 2260 ἱκανῶς
934 2191 1071 2276 ῥητορικὸν
1094 2192 1210 2254 ἔσεσθαι.
1225 2193 1303 2266 Quid
1319 2195 1397 2252 iuter

403 2290 502 2371 τροφήν
523 2303 554 2348 et
577 2287 725 2371 ἀνατροφήν
746 2289 881 2363 intersit,
917 2292 1043 2370 explicat
1066 2292 1212 2370 Doxoput.
1238 2291 1345 2351 Homil.
1366 2292 1397 2347 in

404 2388 555 2466 Aphthou.
575 2386 628 2446 Rh.
648 2405 690 2463 gr.
706 2386 796 2444 Walz.
810 2398 831 2448 t.
843 2387 889 2462 11,
909 2407 939 2464 p.
956 2397 1022 2464 4²9·
1045 2387 1088 2447 ef.
1113 2387 1246 2466 Euripid.
1266 2387 1397 2466 Iphigeu.

404 2485 501 2544 Aulid.
515 2503 544 2543 ν.
558 2484 612 2541 55ι
627 2528 634 2556 ,
647 2482 691 2541 ed.
704 2481 871 2542 Boissonad.
887 2507 893 2542 :

527 2582 615 2646 Τροφαὶ
629 2580 648 2628 θ’
661 2582 686 2628 αἱ
699 2579 863 2642 παιδευόμεναι

528 2660 598 2723 Μέγα
610 2659 718 2724 φέρουσιν
731 2659 763 2714 εἰς
774 2657 866 2724 ἀρετάν.
944 2677 947 2684 ’

405 2740 514 2818 Scripsi
540 2737 700 2820 διατριὸαῖς,
723 2737 804 2815 quod
830 2739 925 2796 minus
960 2739 1143 2798 temerarium
1171 2739 1264 2810 risum
1282 2749 1334 2795 est.
1353 2735 1399 2796 dd

407 2857 466 2896 rem
482 2837 614 2916 apprime
627 2835 695 2894 facit
717 2837 806 2894 lsoer.
822 2835 895 2894 Δάν.
909 2834 1037 2913 Sophist.
1059 2836 1145 2908 vm,
1162 2833 1206 2893 ed.
1217 2837 1336 2910 Coray.:
1363 2833 1401 2893 Εἰ

407 2933 434 2994 δὲ
452 2935 491 2994 δεῖ
509 2931 547 3012 μὴ
564 2932 644 3011 μόνον
664 2935 848 3014 κατηγορῆσαι
870 2933 923 2992 τῶν
937 2930 1043 3005 ἀλλων,
1070 2931 1140 2991 ἀλλά
1162 2929 1209 2990 tud
1222 2928 1271 3002 τὴν
1283 2931 1412 3008 ἀμαυτοῶ

407 3034 525 3106 δηλῶσαι
542 3030 667 3106 διάνοιαν,
687 3035 803 3109 ἡγοῦμαι
815 3028 915 3098 πάντας
933 3027 964 3089 ἄν
982 3027 1102 3108 persoir<
1117 3020 1147 3088 εὖ
1165 3033 1321 3111 φρονοῦντας
1335 3049 1402 3086 συν-

406 3140 507 3203 ειπιῖν,
535 3128 575 3190 ότι
604 3128 697 3189 πολλοὶ
720 3128 767 3207 μὲν
788 3131 840 3187 τῶν
866 3127 1102 3211 φιλοσοφησάντων
1123 3128 1228 3186 ἰδιῶται
1252 3122 1402 3185 διετέλεσαν

406 3226 488 3299 ὄντες,
503 3225 578 3284 άλλοι
592 3224 621 3284 δέ
632 3247 698 3290 τινες
714 3223 798 3282 οὐδενὶ
810 3221 919 3283 πώποτε
934 3222 1120 3303 συγγενόμενοι
1133 3225 1186 3280 τῶν
1198 3223 1339 3305 σοφιστῶν,
1354 3219 1404 3278 καὶ

407 3322 492 3402 λέγειν
510 3321 556 3380 καλ
569 3319 751 3384 πολιτεύεσθαι
765 3317 843 3378 δεινοὶ
854 3318 1001 3400 γεγόνασιν.

447 3422 482 3478 V.
494 3441 540 3477 αι.
559 3417 663 3499 Χρυσὸς
688 3407 720 3489 ἦν
741 3415 781 3476 άν.
792 3462 798 3474 .
809 3461 815 3493 ,
827 3419 942 3477 Kuster.
963 3419 994 3475 in
1021 3417 1134 3493 Eunap.
1159 3416 1260 3493 fragor.
1275 3416 1292 3491 §
1307 3417 1341 3471 18
1351 3457 1359 3486 ,
1370 3432 1404 3490 p.

408 3519 484 3588 510,
501 3515 547 3576 ed.
561 3513 744 3576 Boissonad.:
759 3540 771 3565 ι
784 3514 906 3592 Elegans
922 3524 966 3570 est
981 3511 1185 3591 proverbium,
1203 3511 1282 3589 quod
1296 3510 1406 3570 dicitur
1491 3524 1493 3528 ·

408 3614 444 3671 de
469 3633 500 3672 re
513 3613 638 3690 quadarn
652 3611 813 3689 expetenda
827 3623 856 3668 ot
873 3610 957 3668 adteri
975 3610 1060 3688 longe
1080 3609 1294 3687 praeferenda.»
1312 3607 1406 3683 Cujus

407 3724 505 3770 uotum
518 3712 659 3790 integrum
674 3731 732 3768 non
752 3705 891 3766 describit
909 3707 951 3768 (ΙΙ.
970 3707 1096 3784 Eutropii
1111 3706 1223 3780 Editor,
1244 3706 1311 3764 ideo
1322 3706 1405 3782 quod

405 3831 457 3868 sua
471 3811 586 3870 Kuster.
601 3808 703 3868 sumsit
716 3827 732 3864 e
743 3805 901 3864 Valesiauis
915 3822 980 3883 quae
992 3805 1053 3882 ipse
1067 3803 1203 3878 exhibet,
1217 3824 1245 3882 p.
1270 3804 1335 3871 482.
1356 3801 1404 3859 Cf.

408 3905 612 3982 Wyttenbach.
642 3902 679 3962 ad
703 3903 840 3962 Phaedon.
864 3921 893 3980 p.
924 3902 995 3974 1813
1026 3900 1186 3959 Biomiieid.
1216 3900 1340 3958 Glossur.
1366 3899 1409 3958 sd

409 4003 540 4083 Choeph.
559 4005 635 4080 3663
654 3999 824 4060 Boissouad.
844 4000 874 4057 in
887 3997 1018 4076 Euripid.
1035 3998 1142 4056 Troad.
1156 4007 1222 4066 440.

450 4103 481 4159 V.
504 4101 605 4160 25-26.
629 4095 881 4179 Καὶ-διαφεύγειν.
896 4139 921 4153 ..
940 4098 1007 4155 Haec
1032 4096 1104 4156 oct.
1119 4097 1233 4156 Possov.
1249 4093 1351 4151 recitat
1369 4094 1408 4152 ii.

402 4200 548 4282 Stephon.
570 4199 656 4257 'ihesu
674 4198 718 4256 ed.
735 4196 843 4268 Didus,
857 4208 876 4252 t.
892 4196 941 4267 ili,
958 4212 987 4269 μ.
1005 4213 1071 4269 219·
