3174 5284
489 562 535 632 ιιν
562 560 874 635 Ριιιοουυιιιια.
956 649 959 661 ,
1107 561 1169 634 ιιι

181 724 331 808 προοίμιον,
337 720 469 806 πρόθεσις,
475 721 574 798 πίστις,
581 723 715 812 ἐπίλογος.
728 768 735 782 .
747 721 865 789 .·Ἔσται
876 715 932 802 ιθν,
940 723 972 785 άν
978 747 1018 794 τις
1024 724 1058 788 ιθ
1065 731 1174 788 τοιαῦτα

181 822 288 903 διαιρῇ,
299 819 365 904 ὅπερ
384 820 490 882 ἐποίουν
504 822 530 882 οἱ
548 819 610 904 περί
624 820 780 906 Θεόδωρον,
792 819 913 900 διήγησις
926 819 1031 906 ἕτερον’,
1052 822 1098 883 καλ
1112 823 1174 886 ἐπι-

179 917 313 998 διήγησις,
322 918 370 980 καί
384 916 570 1002 προδιήγησις,
580 918 627 980 καὶ
637 916 761 1002 ἔλεγχος,
771 917 818 980 καὶ
830 915 999 1000 ἔπεξέλιγχος
1012 921 1071 980 κτλ.

220 1018 255 1076 V.
276 1036 379 1076 οο-αι.
403 1017 466 1076 Τῶν
489 1017 517 1076 ἐν
538 1017 577 1098 τῷ
603 1019 787 1100 πολιτικῷ...
812 1016 961 1078 Subintell.
989 1014 1059 1096 γένει
1080 1016 1173 1078 ὄντων.

179 1113 222 1198 (λ.
238 1115 352 1176 ΡΙαιοο.
376 1116 494 1194 Protag.
515 1116 601 1176 Bekk.
617 1115 664 1178 ed.
678 1115 774 1176 Lond.
789 1117 876 1194 1826,
889 1127 909 1174 t.
923 1116 956 1190 1,
970 1135 1000 1196 p.
1019 1125 1095 1190 274:
1118 1115 1175 1184 Καί

179 1231 221 1271 τοι
233 1209 321 1292 πολλά
333 1233 364 1290 γε
377 1209 429 1284 ἤδη
444 1207 491 1284 ἔτη
505 1209 560 1292 εἰμί
573 1213 645 1303 ἐντῇ
660 1211 752 1293 τέχνῃ.

220 1309 254 1366 V.
270 1327 318 1366 ου.
340 1305 560 1388 Παχυτέρων...
581 1309 667 1380 Quod
678 1311 719 1370 sic
730 1311 939 1390 interpretatur
960 1311 1077 1379 Maxim.
1105 1311 1173 1374 Pla-

180 1404 249 1462 nud.
272 1404 370 1473 Schol.
383 1404 413 1464 in
425 1406 562 1482 Hermog.
578 1407 622 1492 De
638 1407 660 1468 F
662 1407 776 1478 ermis„
795 1407 824 1480 1,
845 1407 901 1466 nh.
916 1427 958 1485 gr.
976 1407 1082 1481 Walz„
1097 1419 1118 1466 t.
1134 1409 1173 1484 V,

179 1521 210 1584 p.
223 1502 283 1572 486
294 1525 301 1559 ι
314 1500 490 1586 Παχιίτερον·
517 1503 576 1590 ἀντὶ
598 1508 645 1566 τοῦ
669 1502 859 1586 ἀνοητότερον·
877 1513 972 1584 παχεῖς
989 1503 1040 1586 γάρ
1061 1504 1172 1564 ἐκάλουν

180 1597 240 1668 τοὺς
250 1597 422 1672 ἀναισθήτους
434 1598 480 1660 καί
494 1599 593 1668 θῶδεις.

608 1763 745 1786 *-

496 1893 717 1964 COLUMNA
742 1893 854 1968 XXII.

217 2053 251 2118 V.
275 2063 341 2124 ι-ή.
367 2053 715 2142 Μάνοι-ὖπογράφουσιν.
729 2103 756 2116 ..
782 2058 850 2118 Haec
883 2055 960 2117 dicta
981 2053 1119 2116 videntur
1142 2060 1173 2117 in

178 2151 278 2228 primis
290 2151 424 2212 adversus
439 2155 579 2224 Ariston,
602 2156 688 2216 Rhet.
709 2157 739 2229 1,
759 2173 789 2214 ιι
806 2149 873 2215 Ὀτι
896 2149 943 2232 μέν
961 2143 1006 2214 οθν
1029 2154 1077 2211 οὐκ
1102 2152 1174 2214 ἔστιν

178 2243 237 2306 οὔτε
256 2245 312 2314 ἑνός
337 2271 406 2317 τινος
430 2247 520 2330 γένους
543 2250 729 2334 ἇφωρισμένου
750 2253 768 2322 ἡ
792 2245 937 2332 ῥητορική,
959 2245 1028 2306 ιἰλλδι
1053 2247 1173 2330 καθάπερ

177 2345 194 2414 ἡ
218 2343 387 2420 διαλεκτικὴ,
408 2345 455 2404 καὶ
480 2345 520 2406 ὅτι
535 2346 685 2428 χρήσιμος,
705 2344 825 2429 φανερόν.
851 2343 925 2405 lbid.
941 2364 980 2404 κε
1001 2342 1095 2403 Ἔστω
1110 2344 1133 2401 δ’
1154 2349 1171 2418 ἡ

178 2437 303 2522 ῥητορικὴ
339 2438 449 2520 δύναμις
479 2442 540 2526 περὶ
575 2441 686 2504 ἕκαστον
716 2445 763 2500 τοῦ
782 2443 915 2523 θεωρῆσαι
945 2437 976 2498 τδ
1000 2437 1172 2518 ἐνδεχόμενον

176 2535 297 2598 πιθανόν.
322 2537 410 2598 Τοῦτο
432 2539 484 2622 γὰρ
498 2539 622 2618 οὐδεμιᾶς
647 2536 739 2618 ἑτέρας
758 2535 814 2596 ἐστὶ
836 2535 934 2617 τέχνης
945 2534 1029 2618 ἔργον.
1044 2535 1106 2596 Τῶν
1120 2533 1173 2618 γάρ

176 2631 264 2692 ἄλλων
287 2634 387 2706 ἑκάστη
411 2635 472 2716 περί
491 2635 522 2696 τὸ
548 2638 615 2716 ἀὐτῇ
643 2626 814 2713 ὑποκείμενόν
839 2636 896 2694 ἐστι
919 2631 1112 2710 διδασκαλική,
1126 2632 1174 2693 καθ

176 2729 321 2802 πειστική·
354 2721 407 2791 οἷον
430 2732 554 2816 ἰατρικὴ,
575 2732 636 2815 περὶ
651 2731 762 2814 θγιεινδν
787 2731 832 2791 καί
855 2729 978 2813 νοσερόν·
1006 2729 1051 2790 καί
1071 2752 1173 2812 γεωμε-

177 2826 254 2908 τρία,
268 2827 329 2910 περὶ
344 2825 380 2886 τθι
394 2827 584 2907 συμὸεὸηκότα
603 2828 675 2903 πάθη
699 2837 753 2898 τοῖς
767 2828 906 2910 μεγέθεσι·
927 2827 974 2888 καί
995 2824 1173 2910 ἀριθμητική,

177 2922 239 3004 περὶ
254 2921 377 3008 ἀριθμόν.
391 2921 509 3003 Ὁμοίως
520 2923 608 2985 δὲκαὶ
621 2927 648 2985 αί
662 2924 753 2985 λοιπαί
764 2928 817 2985 τῶν
832 2926 933 3004 τεχνῶν
949 2922 995 2983 καί
1008 2924 1171 3002 ἐπιστημῶν.

176 3017 212 3081 Ἡ
227 3019 255 3080 δὲ
271 3020 410 3103 ῥητορικὴ,
420 3022 481 3103 περὶ
492 3028 538 3094 τοῶ
549 3022 675 3095 δοθέντος,
692 3025 728 3091 ῶς
738 3026 832 3096 εἰπεῖν,
846 3023 917 3082 δοκεῖ
929 3020 1055 3081 δύνασθαι
1069 3025 1173 3103 θεωρεῖν

177 3117 207 3178 τθ
220 3117 340 3178 πιθανόν.
353 3118 401 3178 Διθ
413 3119 459 3179 καί
471 3119 559 3202 φαμὲν
574 3120 655 3194 αθτήν
668 3121 698 3180 οὗ
710 3120 771 3202 περί
784 3145 811 3180 τι
827 3121 900 3200 γένος
910 3119 978 3178 ἴδιον
989 3116 1173 3200 ἀφωρισμένον

178 3213 248 3298 ἔχειν
259 3215 291 3275 τδ
306 3215 437 3298 τεχνικόν.
461 3217 553 3289 lhid„
571 3219 658 3298 paulo
680 3218 781 3277 infra:
800 3216 881 3278 Ἔστι
899 3214 950 3300 γάρ
975 3215 1133 3298 (subintell.
1155 3218 1174 3286 ή

177 3309 323 3398 ῥητορικὴ)
347 3311 437 3397 μόριόν
462 3337 489 3375 τι
508 3317 556 3385 τῆς
580 3315 745 3386 διαλεκτικῆς
765 3313 811 3372 καὶ
827 3311 966 3392 ὁμοίωμα,
989 3310 1108 3394 καθάπερ
1127 3309 1177 3370 κοιλ

180 3407 323 3491 ἀρχόμενοι
333 3407 454 3488 εἴπομεν·
462 3411 522 3493 περὶ
534 3409 636 3478 οθδενδς
646 3410 696 3495 γὰρ
707 3409 855 3493 ὡρισμένου
869 3407 993 3492 οὐδετέρα
1005 3411 1091 3468 αὐτῶν
1103 3412 1175 3469 ἐστιν

181 3503 337 3583 ἐπιστήμηγ
351 3509 409 3572 πῶς
422 3505 494 3586 ἔχει,
505 3505 575 3566 ἀλλθι
587 3507 709 3586 δυνάμεις
719 3505 786 3574 τινὲς
796 3511 843 3566 τοῦ
856 3505 964 3588 πορίσαι
974 3504 1074 3584 λόγους.

216 3605 251 3662 V.
270 3603 296 3661 5.
309 3602 410 3664 Ἰδίων.
423 3649 449 3664 ..
471 3607 581 3664 lterum
594 3606 709 3666 lacessit
720 3606 852 3674 Ariston,
873 3605 924 3684 qui
936 3602 970 3663 τὰ
991 3603 1047 3664 ἴδια
1065 3604 1177 3677 definit,

178 3694 399 3773 Rhet.l,2:'18m
411 3699 439 3760 δὲ
446 3699 496 3761 ὅσα
507 3704 538 3762 ἐκ
548 3705 601 3761 τῶν
612 3701 673 3788 περί
684 3701 796 3764 ἕκαστον
808 3692 875 3770 εἶδος
883 3700 928 3760 καί
940 3703 1013 3780 γένος
1021 3700 1177 3786 προτάσεων

178 3796 260 3856 ἐστιν·
277 3787 348 3871 οἷον,
360 3796 421 3882 περί
433 3801 550 3880 φυσικῶν
565 3802 616 3858 εἶσι
626 3798 778 3880 προτάσεις,
792 3799 818 3869 ἐξ
833 3790 869 3860 ῶν
882 3799 942 3859 οὔτε
953 3797 1102 3877 ἐνθύμημα,
1117 3795 1176 3856 οὔτε

180 3892 357 3973 συλλογισμός
367 3897 424 3955 ἐστι
437 3896 498 3979 περὶ
509 3898 561 3956 τῶν
574 3899 683 3969 ἠθικῶν·
694 3897 811 3979 καὶπερὶ
822 3895 922 3958 τούτων
937 3895 1027 3969 ἄλλαι,
1041 3893 1068 3964 ἐξ
1079 3887 1117 3954 ὧν
1129 3896 1176 3953 οὐκ

180 3987 256 4050 ἔσται
278 3991 339 4073 περὶ
361 3993 414 4050 τῶν
437 3996 572 4073 φυσικῶν·
593 3993 691 4073 ὁμοίως
714 3992 742 4052 δέ
766 4000 843 4054 τοῦτο
865 3993 921 4074 ἔχει
944 3992 988 4052 ἐπὶ
1008 3990 1169 4051 πάντων...
1288 4059 1292 4068 γ

180 4091 276 4148 Ταῦτα
290 4085 333 4165 δὲ,
347 4089 402 4172 ὅσῳ
416 4114 456 4158 τις
470 4089 500 4151 θιν
515 4092 611 4172 βελτίω
622 4091 763 4171 έκλέγηται
775 4093 822 4159 τὰς
835 4091 992 4174 προτάσεις,
1014 4088 1090 4161 λήσει
1101 4089 1177 4160 ποιή-

183 4207 229 4253 σας
244 4184 327 4258 άλλην
345 4187 495 4268 ἐπιστήμην
517 4193 564 4261 τῆς
583 4191 747 4262 διαλεκτικῆς
766 4190 809 4250 καὶ
831 4194 876 4260 τῆς
900 4190 1053 4268 ῥητορικῆς·
1073 4185 1104 4244 ἂν
1127 4185 1177 4267 γὰρ
