3194 5286
1045 567 1140 626 extit

403 714 446 784 16
468 714 535 786 cnl.
566 711 720 804 Videtur
747 713 843 784 idem
874 715 1071 812 essequod
1101 718 1139 786 in

400 830 599 902 oxoniensi
614 829 795 925 Catalogo
823 830 891 904 sub
917 856 951 900 n.
975 829 1065 917 1426
1083 853 1138 900 re·

399 941 525 1016 lertur.

399 1059 606 1152 Utrumque
631 1079 726 1154 opus
758 1058 1056 1154 interpretatione
1086 1060 1136 1130 la-

397 1175 473 1244 tina
498 1185 534 1242 et
555 1173 820 1243 commentariis
841 1171 1028 1244 adornavit
1044 1179 1135 1272 Aug.
1170 1209 1173 1216 ·

396 1291 480 1358 Ant.
518 1286 644 1358 Scotti.
683 1290 825 1356 Horum
862 1311 936 1356 non
974 1290 1138 1359 meminit

397 1400 589 1473 Christian.
615 1403 793 1472 Peterson.

165 1521 249 1588 Anu.
275 1514 374 1589 1833.
396 1513 537 1586 Phaedri
554 1516 720 1611 Epicurei
733 1515 842 1611 vulgo
860 1519 1040 1612 Anonymi
1052 1521 1138 1588 Her·

395 1628 618 1713 eulanensis,
635 1627 682 1698 de
700 1632 836 1701 Natura
858 1633 1018 1702 Deorum
1042 1631 1134 1726 frag-

396 1774 560 1832 mentum
583 1765 820 1833 instauratum
854 1775 890 1831 et
920 1761 1136 1832 illustratum

395 1900 416 1946 a
430 1875 635 1948 Christiano
649 1881 824 1950 Peterson.
834 1875 963 1974 philos.
986 1876 1135 1948 doctore

396 2004 432 2060 et
454 1988 660 2085 philologiae
678 1989 1051 2088 elassiee'professore
1070 2015 1136 2088 pu-

393 2101 490 2174 blico
518 2104 554 2172 in
583 2107 779 2198 Gymnasio
806 2103 1134 2200 Hamburgensium

393 2217 618 2288 Academico.
634 2217 849 2313 limburgi,
865 2220 904 2298 in
918 2217 969 2304 4⁰.

160 2336 243 2404 Ano.
267 2329 368 2406 1835.
391 2332 714 2404 Herculanensium
729 2330 974 2419 voluminum,
983 2355 1064 2427 quae
1076 2355 1134 2401 su-

391 2462 554 2544 pereunt,
571 2449 671 2516 Tom.
686 2449 730 2530 V,
745 2468 827 2540 pars
846 2447 955 2540 prior.
974 2444 1134 2541 Neapoli,

380 2563 429 2630 ¹in
446 2560 533 2630 Fol0.
549 2562 718 2633 Continet
736 2557 810 2630 haec
830 2581 933 2654 pars:

394 2687 426 2754 1⁰
448 2677 625 2778 Φιλοδήμου
652 2687 719 2774 περὶ
753 2692 932 2777 ῥητορικῆς,
962 2679 1007 2777 32
1027 2681 1110 2778 eol.

392 2795 591 2892 lragmenta
608 2791 638 2864 5.
865 2881 869 2886 Ι

394 2935 429 2976 2⁰
451 2913 627 3014 Φιλοδήμου
647 2921 717 3012 περὶ
741 2908 829 2987 litas
857 2922 908 2989 καὶ
922 2921 1012 3004 Βίων,
1033 2922 1130 2988 sive:

392 3036 444 3102 De
473 3032 626 3103 Dicendi
652 3031 853 3118 Libertate,
885 3037 931 3120 24
963 3032 1030 3102 eol.
1052 3036 1133 3102 Haec

390 3149 688 3244 interpretatione
705 3148 829 3235 latina,
845 3144 1135 3243 brevissimisque
1244 3217 1249 3230 ,

393 3249 697 3330 commentariolis
731 3247 900 3330 iustruxit
933 3263 1011 3328 Ant.
1032 3260 1136 3329 Oeta·

397 3377 522 3446 vienus
541 3375 604 3466 (8).

157 3493 241 3559 Ann.
272 3487 373 3598 ¹339·
397 3490 716 3561 Herculanensium
769 3489 1024 3570 Voluminum,
1054 3512 1135 3584 quae

400 3619 605 3702 supersunt,
619 3609 719 3674 Tom.
737 3606 796 3673 Vl.
810 3603 975 3699 Neapoli,
990 3604 1028 3670 in
1046 3601 1132 3672 Fol⁰.

402 3723 603 3790 Continett
908 3739 911 3744 ·
1076 3727 1079 3734 '

192 3905 231 3982 (8)
252 3907 442 3964 Posteriorem
464 3918 575 3984 partem
606 3905 691 3982 hujus
718 3905 821 3980 Tomi,
841 3903 973 3980 Parisiis,
996 3921 1138 3980 nusquam

155 4001 277 4076 reperire
287 4002 379 4080 potui.
395 4007 482 4062 Deest
497 4004 528 4061 in
542 4003 720 4062 Bibliotheca
733 3996 810 4062 doct.
827 3993 945 4060 Firmin.
956 4001 1071 4074 nidos,
1087 4001 1137 4078 qui

154 4108 250 4154 catera
259 4098 427 4170 Volumina,
440 4117 543 4174 magno
555 4111 688 4176 sumptu,
700 4097 756 4157 sibi
770 4098 961 4175 comparavit.
970 4094 1056 4154 Unde
1069 4115 1139 4152 eon-

149 4191 217 4266 jieio
231 4213 293 4250 eam
310 4194 444 4254 nondum
455 4194 543 4252 luisse
555 4195 670 4252 editam.
