3174 5284
407 597 473 644 roo
725 573 1078 644 ANNOTATIONES

402 742 488 806 αὐτοῖς
501 739 632 820 περίεστιν
646 741 678 798 lx
693 751 739 806 τοῦ
763 741 938 825 πράγματος,
960 747 1008 805 καὶ
1030 745 1087 825 ἅμα
1110 747 1263 828 συνδέσμοις
1284 751 1394 814 {eseber

401 839 549 918 προσεχῶς,
565 837 610 897 καλ
626 836 758 898 πτύσισιν
776 842 803 899 δν
816 850 870 909 τοῖς
879 839 1039 922 λεγομένοις.

829 1073 960 1092 ...ο-.-

753 1283 977 1352 COLUMNA
1001 1287 1041 1351 V.

442 1546 476 1603 V.
497 1543 556 1602 5·8.
573 1540 751 1614 Ἐποιήσαντο
760 1541 828 1599 ..οἱ
836 1537 953 1598 παλαιοί.
965 1585 972 1598 .
984 1584 990 1598 .
1003 1542 1068 1600 llaec
1079 1554 1113 1599 ut
1130 1543 1326 1618 restituerem,
1338 1565 1395 1624 pro

400 1659 486 1700 versu
508 1641 526 1700 5
551 1653 699 1701 montrose
718 1639 900 1711 adulterato,
915 1637 1063 1696 elementis
1084 1638 1160 1697 inter
1181 1659 1280 1698 versus
1294 1649 1311 1710 l,
1325 1657 1355 1701 et
1374 1642 1393 1700 5

401 1739 525 1797 exeratis
548 1757 617 1798 usus
645 1757 728 1808 sum,
753 1757 790 1798 ex
814 1735 851 1794 iis
877 1754 943 1812 (ροσε
963 1733 1175 1794 eruditissimus
1196 1749 1285 1815 atque
1308 1759 1392 1817 saga-

400 1836 532 1894 cissimus
554 1825 687 1896 llosin'ius
716 1834 822 1893 diserte
851 1831 956 1909 tradit,
975 1832 1006 1889 io
1027 1833 1137 1910 praelat.
1163 1833 1341 1905 Philodem,
1355 1836 1393 1895 de

396 1933 512 2005 Musio„
525 1953 555 2012 p.
575 1953 611 2009 ¹9
627 1954 635 1990 ι
650 1932 761 1992 alliodo
772 1932 833 1989 aliae
849 1930 912 1988 aliis
924 1930 955 1987 in
975 1929 1126 2008 interjecto
1144 1932 1239 2010 spatio
1252 1932 1393 1992 lineamm

399 2029 543 2108 impositae
565 2029 668 2088 litterae
687 2040 854 2100 cernuntur,
869 2025 948 2104 quod
969 2028 1013 2086 vel
1027 2040 1196 2105 argumento
1212 2041 1255 2088 est
1272 2029 1393 2090 iuferio-

399 2126 480 2188 ribus
500 2128 602 2188 deletis
612 2127 822 2207 superscriptas
837 2146 898 2185 esse
912 2123 1083 2198 retinendas,
1096 2125 1140 2183 vel
1151 2126 1181 2183 in
1193 2125 1269 2185 iufra
1281 2129 1389 2206 scripta

399 2224 528 2284 dictione
542 2225 606 2285 illas
620 2245 682 2284 esse
689 2223 879 2283 inserendas.»
891 2211 976 2297 Quod
991 2224 1015 2282 si
1026 2222 1200 2302 quibusdam
1211 2224 1273 2283 haec
1286 2246 1389 2284 emen-

399 2319 488 2380 dandi
502 2321 577 2379 ratio
597 2319 687 2398 paulo
705 2317 825 2377 liberior
839 2317 988 2389 videatur,
1003 2318 1122 2377 alteram
1136 2319 1330 2396 conjecturam
1349 2323 1388 2382 de

399 2436 427 2474 v.
440 2417 537 2490 2—8,
547 2417 582 2476 iis
596 2415 746 2493 subjiciam
760 2436 768 2470 ι
781 2412 861 2474 ’titt
874 2411 907 2485 δὴ
921 2413 966 2473 καὶ
981 2411 1029 2486 τλν
1043 2413 1216 2496 παραλλαγὴν
1228 2415 1326 2490 ταύτην
1339 2420 1388 2478 οὐκ

398 2516 429 2573 ἐκ
449 2518 502 2573 τῶν
513 2516 670 2596 σοφιστικῶν
684 2515 784 2592 τεχνῶν
797 2503 868 2571 οὗτοι
886 2511 1053 2586 ἐποιήσαντο,
1064 2511 1144 2571 τάσδε
1157 2511 1255 2593 τέχνας
1265 2515 1389 2585 τοιαύτας

398 2613 423 2669 ol
446 2609 660 2681 διαπονήσαντες.
683 2607 790 2674 Ταύτας
809 2607 858 2686 μέν
878 2632 956 2691 φασιν
975 2607 1148 2668 κατατιλέσαι
1173 2609 1232 2678 τοδς
1245 2614 1386 2684 παλαιούς·

398 2704 490 2784 λόγους
503 2704 532 2763 δὲ
552 2707 642 2764 πλεῖον
657 2702 818 2783 ἐμελέτησαν
839 2708 863 2763 ol
882 2703 1003 2787 νεώτεροι
1016 2706 1074 2763 κτλ,

438 2804 471 2862 V.
480 2803 545 2876 7-8.
561 2805 596 2862 ot
609 2800 783 2862 παλαιοὶ-οῖ
792 2799 921 2883 νεώτεροι.
933 2845 940 2859 .
952 2849 960 2865 .
973 2801 1134 2862 Rhetorice
1143 2815 1239 2863 ortum
1249 2826 1388 2886 progres-

397 2906 502 2982 'susque
516 2913 614 2959 narrat
633 2899 753 2961 Aristot.
766 2899 891 2979 Sophist
909 2900 1029 2959 Elenoh.
1052 2901 1271 2981 Cap..xxx1v=
1286 2907 1323 2966 Ol
1336 2906 1388 2986 plu

397 2997 449 3082 γὰρ
458 2995 596 3081 τδςᾶρχδς
604 2995 731 3082 εύρύντες,
740 2998 876 3065 παντελῶς
887 2997 932 3057 ἐπὶ
945 2996 1039 3080 μικρόν
1046 3020 1074 3058 τι
1083 2998 1245 3081 προήγαγον·
1256 3002 1282 3061 οἱ
1296 3001 1324 3062 δὲ
1339 3008 1385 3065 νῦν

397 3095 609 3174 εὐδοκιμοῦντες,
622 3091 821 3176 παραλαύύντις
834 3095 910 3176 παρὰ
930 3094 1047 3168 πολλῶν,
1060 3084 1115 3155 οἷον
1128 3095 1159 3154 ἐκ
1179 3094 1311 3178 διαδοχῆς,
1330 3103 1386 3162 τῶν

396 3192 466 3255 aeria
476 3181 1002 3276 μίροςπροαγσγύντωνούτωςῆυξήκοσι.
1011 3190 1236 3271 Τισίαςμδνμετδι
1243 3193 1388 3280 τοδςπρώ-

396 3313 471 3366 ταις,
486 3288 667 3371 Θρασύμαχος
688 3288 717 3347 δδ
731 3285 800 3368 μιτδ
819 3286 927 3362 Τισίαν,
941 3285 1078 3369 Θεόδωρος
1095 3286 1123 3346 δὲ
1146 3286 1216 3367 μετδ
1234 3295 1386 3354 ταῦτακαὶ

397 3386 489 3448 πολλοὶ
507 3384 594 3446 πολλὰ
605 3383 795 3466 συνενηνόχαοι
807 3383 885 3472 μέρη·
900 3382 990 3465 διόπερ
1007 3382 1079 3444 οὐδὲν
1100 3381 1263 3464 δαυμαστδν,
1274 3386 1345 3469 ἔχειν
1357 3414 1387 3450 τι
1417 3403 1420 3410 “

395 3486 494 3556 πλῆθος
503 3481 552 3557 τὴν
561 3479 667 3562 τέχνην.

435 3580 470 3639 V.
498 3582 593 3639 12-13.
611 3576 799 3663 Τέταρτον...
817 3576 960 3640 Notabilis
979 3577 1129 3656 inprimis
1147 3579 1227 3640 locus
1240 3580 1277 3640 de
1286 3597 1387 3658 quarto

395 3677 557 3738 Rhetoricae
576 3695 701 3754 genere,
717 3674 800 3752 cujus
821 3674 952 3734 meminit
966 3677 1133 3753 Anonymus
1147 3677 1225 3754 apud
1238 3677 1386 3758 Spengel,

395 3771 543 3859 Συναγωγὴ
556 3775 666 3855 τεχνῶν,
683 3793 712 3852 p.
733 3771 878 3841 τ84-ι85κ
897 3768 1072 3852 Εἰδέναιχρὴ
1097 3770 1138 3833 &t
1153 3771 1226 3854 γίνος
1246 3773 1295 3854 μδν
1315 3765 1388 3837 εἶναί
1467 3813 1470 3818 -

395 3895 459 3956 ραοι
481 3869 530 3944 τὴν
552 3868 706 3954 ῥητορικήν·
723 3867 781 3941 εἴδη
802 3866 831 3928 δδ
851 3871 935 3942 αὐτῆς
952 3870 977 3928 ol
991 3866 1041 3948 μὲν
1058 3867 1123 3941 δύο,
1140 3871 1325 3951 πραγματικὸν
1337 3875 1385 3935 καὶ

394 3966 575 4030 ἐπιδεικτικῶν·
596 3969 620 4028 ol
634 3965 663 4026 δδ
676 3966 746 4048 τρία·
767 3965 919 4042 δικανικὸν,
945 3962 1182 4046 ουμὸουλσυτικδν,
1193 3971 1386 4053 πανηγυρικόν.

395 4067 458 4128 Εἰσὶ
474 4067 498 4126 δ’
510 4065 536 4126 οἳ
548 4065 595 4126 καὶ
616 4063 740 4147 τέταρτον
761 4062 861 4134 τούτοις
882 4063 1085 4146 προστιθέασιν,
1109 4065 1140 4126 τδ
1160 4065 1300 4147 ἱστορικόν.
1324 4060 1386 4130 Ubi

394 4166 526 4244 Spengel.
550 4164 707 4224 exclamat:
734 4162 914 4223 «Utinamne
937 4177 1083 4223 auctorem
1115 4161 1201 4242 hujus
1235 4169 1385 4228 seutentiae
