3194 5286
302 523 515 610 ¹cant

421 684 547 768 genter
563 668 742 740 enarravit
755 666 943 738 Christian.
955 670 1131 736 Petereeo.
1150 667 1215 762 (6).
1246 669 1400 741 Maxime

368 851 371 858 .
421 785 617 856 necessaria
653 783 857 852 summatim
891 777 1082 876 proferam.

421 907 512 972 Aun.
533 896 634 995 1793.
648 895 968 967 Herculanensium
983 893 1229 980 Voluminum,
1242 919 1324 990 quar
1339 920 1399 966 su·

659 1009 1281 1108 pereunt,Tom.l.Neapoli‚inFol⁰.
1302 1012 1398 1078 Con*

662 1137 753 1206 tinet
777 1128 953 1226 Φιλοδήμου
972 1133 1215 1228 περὶιΜουσικῆς
1237 1125 1276 1216 d,
1293 1133 1398 1227 cujus

657 1246 741 1318 libri
809 1244 1168 1342 duodequadraginta
1222 1247 1398 1318 columnae

657 1375 800 1432 servatae
828 1375 922 1429 sunt.
947 1365 988 1430 In
1014 1357 1113 1429 hunc
1135 1360 1397 1431 restituendum

568 1489 569 1494 ’
657 1474 916 1557 Mazocchius,
979 1474 1164 1564 Rosiuins,
1235 1479 1396 1571 Ignarra,

654 1588 786 1662 Baffius
823 1603 890 1658 etc.
951 1611 1099 1684 operam
1139 1589 1399 1678 contulerunt3

656 1705 933 1774 commentarios
951 1703 1097 1798 scripsit
1125 1716 1161 1772 et
1197 1702 1394 1774 editionem

535 1835 547 1862 -’
654 1817 792 1914 paravit
828 1821 907 1887 Car.
954 1817 1133 1886 Rosinius.
1160 1821 1203 1886 In
1225 1817 1395 1914 Catalogo

561 1971 568 1984 ι
653 1931 852 2001 Oxoniensi
904 1927 1062 2000 refertur
1120 1928 1187 2000 sub
1241 1953 1395 2003 numero

658 2047 760 2140 1497.

414 2168 630 2258 Ann.1797.
657 2159 870 2230 Dissertatio
910 2159 1090 2254 isagogica
1132 2157 1179 2229 ad
1225 2159 1395 2232 Hercula·

468 2323 469 2326 =
651 2273 818 2344 nensium
831 2271 1064 2344 Voluminum
1087 2272 1393 2369 explanationem,

653 2385 824 2483 Neapoli,
837 2385 875 2454 in
896 2385 991 2472 Folt,
1011 2389 1109 2456 anet.
1131 2390 1209 2457 Cat.
1234 2388 1393 2458 Rosinio.

651 2503 779 2597 Operae
807 2521 917 2594 quam
944 2502 983 2568 in
1008 2496 1141 2568 librum
1175 2505 1227 2569 De
1258 2505 1395 2571 Murt’ca

651 2611 896 2709 impenderat,
925 2611 1253 2709 difficultatumque
1283 2617 1393 2685 ratio·

651 2749 733 2795 nem
755 2715 885 2794 reddit.

409 2848 500 2914 Anu.
524 2840 625 2925 1804.
647 2842 701 2910 De
730 2843 877 2936 Papyris
905 2863 970 2910 seu
996 2839 1251 2914 Voluminibus
1272 2846 1393 2940 graecis

649 2952 979 3024 Herculanensibus
1015 2959 1291 3028 Commentati0.
1328 2964 1393 3029 Ar-

648 3070 837 3166 gentorati,
848 3071 884 3139 in
896 3070 945 3140 8⁰.
965 3074 1067 3141 Auct.
1082 3070 1165 3143 Chr.
1175 3072 1392 3173 Theophde

648 3185 759 3252 Murr.

409 3300 501 3366 Anu.
527 3296 822 3366 iuuentutem
859 3294 992 3367 librum
1018 3304 1141 3395 paucis
1172 3306 1317 3392 mutatis
1355 3315 1392 3371 et

548 3483 554 3495 ,
649 3409 793 3502 additis,
815 3413 1028 3482 Germanice
1053 3439 1195 3485 versum
1222 3417 1316 3513 typis
1338 3441 1392 3486 re-

647 3527 773 3624 petivit
815 3525 861 3596 de
900 3530 1023 3614 Murr,
1057 3528 1127 3602 hoc
1153 3531 1258 3602 titulo
1304 3533 1389 3602 insi·

444 3735 528 3816 (atu
539 3721 998 3815 maroquraseautunmaan
1006 3739 1239 3820 aptaretvutgo
1247 3747 1391 3822 Anonymi

405 3833 637 3904 Herculanensis,
655 3835 699 3892 De
717 3834 827 3893 Natura
841 3835 967 3893 Deorum
981 3836 1187 3913 fragmentum,
1201 3839 1390 3900 inttauratnm

404 3943 434 3990 et
446 3931 617 3989 illustratum
628 3947 645 3988 a
657 3927 811 3988 Christian.
825 3932 969 3990 Petersen.
982 3929 1150 4009 Hamburgt,
1162 3936 1248 4005 1833,
1260 3936 1290 3992 in
1303 3934 1348 4011 4⁰,
1359 3959 1388 4016 p

409 4047 445 4086 1-
458 4027 484 4084 8.
1115 4049 1117 4054 ’
1154 4029 1158 4034 ’
