3174 5284
420 611 484 658 tta
729 545 1083 660 tnuomnonns
1160 591 1161 602 ι

414 766 458 826 ἐπὶ
468 765 499 826 οδ
516 763 607 826 ἔπειτα
618 765 676 826 τάδ’
691 765 872 846 ὑποδείγματα
889 763 1029 847 ἀποφέρει,
1045 767 1072 824 ἓν
1092 765 1125 844 τῆ
1139 761 1208 833 λέξει
1221 765 1341 848 ἀχειρέας
1353 766 1406 826 πιέ-

414 863 566 940 exerente,
587 862 632 924 καλ
642 861 844 946 προσαγορεύων
864 861 913 935 τλν
934 860 1066 945 διάφευξιν
1083 863 1168 920 αὐτῶν
1191 859 1407 943 apostatatos

413 959 468 1040 μὴν
479 959 549 1022 ἀλλὰ
559 959 621 1028 τοὺς
635 959 745 1044 ῥήτορος
755 963 778 1020 εἱ
788 965 929 1044 κατορθοῦν
941 961 969 1019 έν
983 967 1037 1026 τοῖς
1046 963 1192 1042 ῥητορικοῖς
1203 958 1292 1039 ἔλεγε,
1302 960 1330 1022 τέ
1341 961 1408 1044 πρὸς

414 1056 458 1116 τὸν
475 1057 639 1119 διαλεκτικὸν
655 1057 743 1139 ἔλεγεν
759 1049 833 1126 οὗτος
844 1076 852 1093 ·
863 1057 990 1140 (ἔλεγχον
1003 1055 1153 1140 ποιουμένῳ
1166 1055 1216 1138 γὰρ
1228 1055 1278 1140 ἔφη
1293 1060 1410 1141 προσδε-

412 1153 524 1227 ήσεσδαι
548 1159 595 1228 τῆς
611 1155 772 1239 ῥητορικῆς),
787 1155 804 1229 ἢ
818 1155 883 1240 πρὸς
902 1158 961 1216 κτλ.
982 1158 1079 1228 Quum
1093 1175 1164 1214 vero
1177 1156 1264 1234 paulo
1281 1156 1409 1235 impedi-

416 1253 489 1312 tiora
506 1252 675 1313 viderentur
692 1253 783 1313 verba
808 1256 838 1314 οὗ
860 1250 1209 1334 μλνάλλδι-ποισυμένῳ,
1229 1253 1266 1311 ad
1287 1253 1408 1312 alteram

415 1348 611 1428 conjecturam
626 1351 754 1430 confugi.
770 1353 815 1412 Ex
831 1352 867 1410 iis
879 1371 943 1431 quae
958 1351 1071 1410 restitui
1088 1351 1205 1409 videtur
1218 1355 1321 1410 Noster
1339 1371 1408 1410 car-

416 1467 485 1526 pere
502 1449 669 1526 sophistam
687 1449 724 1508 de
738 1448 827 1508 rebus
838 1449 964 1527 politicis
976 1449 1077 1508 eadem
1094 1467 1124 1506 se
1135 1447 1281 1506 dicturum
1293 1465 1355 1506 esse
1360 1447 1410 1524 ja-

415 1544 579 1616 ctitantem3
590 1565 774 1624 nequaquam
788 1564 858 1605 vero
872 1557 994 1605 stantem
1009 1545 1167 1624 promissis.
1186 1545 1339 1628 Εῖρωνιιιῶς
1351 1544 1408 1603 ad-

415 1639 476 1698 dit:
487 1641 559 1721 ἐνιῇ
576 1639 645 1710 λέξει
659 1641 778 1727 ἀχιιρέας
787 1641 877 1709 πιέσας
888 1640 967 1708 τιθεὶς
985 1643 1045 1701 κτλ.
1067 1641 1205 1720 Epicurei
1224 1639 1411 1700 Rhetoricam

414 1735 533 1814 politica
543 1742 614 1799 Arte
626 1739 711 1818 longe
722 1739 890 1798 inferiorem
911 1737 1131 1812 existimabant,
1152 1736 1188 1796 ci.
1211 1737 1330 1796 Dissert.
1345 1737 1409 1795 lsa-

415 1851 480 1911 gog.
497 1853 526 1911 p.
541 1834 745 1907 cttt-cv13in
762 1855 821 1913 quo
837 1834 1097 1914 peripateticorum
1112 1833 1284 1892 sententiam
1301 1851 1410 1910 seque-

415 1927 532 1989 bantur.
548 1930 634 2008 hpud
649 1950 699 1990 eos
711 1933 789 1990 euim
808 1932 838 1990 id
853 1933 942 1990 moris
954 1931 1025 2006 tun,
1039 1944 1086 2006 ut,
1101 1930 1243 2008 temporis
1255 1947 1411 2006 argumen-

417 2023 474 2082 tive
485 2023 583 2082 habita
592 2025 712 2095 ratione,
719 2026 836 2085 eosdem
846 2047 919 2105 quos
928 2028 1132 2086 lacessiverant
1140 2025 1249 2083 auxilio
1257 2036 1410 2082 vocarent:

415 2141 512 2201 neque
521 2134 566 2180 est
591 2123 670 2200 quod
687 2123 827 2182 miremur
840 2123 864 2182 si
879 2124 1081 2199 Philodemus,
1098 2121 1247 2182 Aristoteli
1267 2109 1412 2194 infensus,

416 2239 501 2278 suurn
524 2232 620 2279 tamen
633 2221 663 2280 in
685 2241 769 2280 usum
784 2220 951 2280 adhibuerit
963 2221 1025 2299 ejus
1043 2221 1205 2281 doctrinam
1220 2219 1256 2277 de
1271 2217 1358 2278 rebus
1373 2217 1413 2276 ad

415 2334 506 2394 genus
519 2315 740 2375 deliberativum
749 2315 976 2394 pertinentibus,
988 2315 1071 2378 tthet.
1088 2316 1111 2389 l,
1129 2314 1303 2393 43quamvis
1315 2313 1413 2392 Stabu—

415 2413 485 2472 rites
509 2412 579 2472 alibi
610 2413 779 2492 pronuntiet
801 2413 984 2473 Rhetoricam
1014 2432 1076 2471 esse
1100 2425 1245 2490 tamquam
1273 2423 1413 2488 agnatum

415 2509 554 2587 quiddam
575 2509 705 2570 Politicae
725 2524 754 2568 et
774 2509 947 2571 Dialecticae.
971 2510 1023 2570 Cui
1047 2509 1199 2568 assentitur
1218 2509 1265 2568 Fr.
1283 2509 1359 2565 Baco
1372 2506 1412 2566 de

360 2627 366 2638 ·
415 2607 573 2680 verulam,
597 2607 641 2665 De
664 2607 811 2684 Dignitate
831 2620 860 2665 et
880 2607 1049 2685 hugmcntis
1068 2605 1219 2665 Scientiar.
1245 2603 1347 2674 v1,3.
1374 2603 1412 2664 ln

416 2720 442 2761 ν.
457 2702 561 2780 15-19,
572 2701 661 2761 verba
671 2703 712 2763 Οὐ
725 2700 779 2781 μὴν
794 2700 985 2762 ἀλλὰ-ἐστίν
1001 2702 1077 2761 dicta
1093 2701 1229 2759 videntur
1242 2700 1273 2757 in
1285 2698 1412 2757 Stoicos.

416 2798 477 2859 Nisi
496 2797 601 2870 fallor,
627 2798 664 2856 ad
688 2797 870 2857 enodandam
895 2799 1094 2858 difficultatem
1121 2818 1181 2856 non
1207 2815 1310 2875 parum
1342 2795 1414 2852 facit

302 2925 305 2944 ι
416 2894 535 2952 Δι’ἰειοῐ.
553 2893 638 2953 Rhet.
662 2896 690 2966 l,
715 2904 751 2965 [μ
766 2891 856 2977 Ὅπερ
882 2892 1035 2978 γὰρ-τοῖς
1058 2899 1219 2977 σοφιστικοῖς
1244 2890 1338 2970 λέγοις.
1363 2891 1411 2950 cf.

416 2989 490 3050 lbid.
502 2989 555 3062 l,1
571 3011 578 3046 :
592 2987 626 3050 ‘0
640 2985 689 3073 γδρ
700 2985 969 3069 σσφιστικδς-κατὰ
979 2987 1027 3062 clv
1040 2985 1162 3066 δύναμιν.
1177 2988 1267 3048 Stoici
1279 3007 1361 3045 suam
1372 2987 1414 3045 de

416 3085 571 3146 Rhetorica
583 3084 745 3146 doctrinam
769 3086 893 3145 mutuati
917 3098 1000 3146 erant
1021 3087 1167 3165 praecipue
1188 3083 1226 3146 ab
1240 3083 1414 3156 Aristotele;

418 3180 569 3258 conjiciam
582 3181 651 3240 inde
664 3183 772 3242 sactum
793 3194 918 3257 esseut,
941 3183 1084 3260 stagiritae
1110 3181 1257 3260 exemplo,
1278 3180 1415 3240 dolerent

418 3277 560 3354 quodhrs
572 3280 699 3337 oratoria
709 3299 918 3356 nonnunquam
932 3277 967 3336 ad
982 3278 1176 3357 sophistarum
1189 3263 1315 3336 rationes
1330 3295 1415 3336 acce·

418 3371 514 3443 deret3
535 3372 608 3432 adeo
622 3387 655 3433 ut
671 3396 705 3434 ea
718 3394 783 3453 quae
793 3374 958 3434 rhetoribus
969 3373 1044 3432 bene
1058 3371 1265 3447 succedebant,
1281 3371 1413 3430 arbitra-

418 3479 520 3528 rentur
525 3469 733 3549 vituperationi
744 3492 807 3532 esse
815 3471 1039 3532 Dialecticorum
1046 3472 1111 3529 Arti
1123 3490 1210 3549 quam
1220 3467 1415 3528 definiebant:

418 3563 591 3645 Ἔπιστέμην
612 3570 717 3642 ἀληθῶν
737 3568 783 3629 καὶ
801 3567 903 3650 ψευδῶν
921 3566 968 3627 καλ
980 3565 1131 3649 οὐδετέρων.
1146 3566 1188 3628 Cf.
1210 3567 1295 3644 Diog.
1313 3565 1414 3624 Laert.

418 3662 481 3735 vlt,
499 3671 551 3734 4²3
571 3663 647 3724 Sext.
671 3665 800 3743 Empta,
815 3663 889 3724 hdr.
904 3664 1045 3723 Mathem.
1057 3663 1111 3737 xt,
1132 3682 1161 3743 p.
1176 3671 1249 3735 7243
1266 3661 1415 3738 Pyrrhon.

418 3759 601 3838 Hypotypos.
616 3761 659 3837 ll,
673 3780 702 3839 p.
719 3762 768 3836 88,
787 3761 852 3834 123,
869 3759 914 3819 ed.
927 3760 1011 3820 Febr.
1074 3745 1077 3752 ’

460 3853 501 3916 Τδ
518 3854 680 3916 διαλεκτικόν
701 3861 791 3936 prosi
814 3855 965 3929 διαλεκτική
985 3857 1112 3916 occurrit
1131 3855 1209 3936 apud
1229 3853 1414 3915 Platou.So—

419 3952 506 4032 phist.
526 3954 623 4025 ttett,
644 3952 686 4016 ed.
711 3952 803 4014 hand.
823 3955 911 4032 1829,
928 3967 949 4014 t.
963 3954 1011 4027 lV,
1029 3974 1057 4033 p.
1073 3962 1149 4023 llo:
1165 3948 1246 4011 Ἇλλδ
1265 3947 1318 4028 μὴν
1330 3947 1363 4007 τό
1381 3973 1415 4029 γε

420 4048 582 4110 διαλικτικδν
599 4051 647 4110 οὐκ
666 4048 740 4133 ἄλλῳ
752 4049 861 4127 δώσεις,
873 4055 909 4119 ῶς
921 4039 1040 4134 ἐγῷμαι,
1055 4048 1125 4123 πλὴν
1139 4051 1177 4131 τῷ
1191 4050 1312 4131 καθαρῶς
1322 4067 1352 4105 τι
1365 4046 1415 4130 καλ

421 4147 527 4214 δικαέως
540 4149 732 4231 φιλοσοφοῦντι.
1235 4159 1241 4180 ³

461 4236 493 4303 V.
509 4247 612 4305 23-26.
634 4247 659 4308 T
661 4246 939 4328 εχνέτας-ἀσκοῶσι.
953 4291 980 4306 ..
1014 4247 1141 4306 Vulnera
1173 4245 1362 4321 lacunasque,
1380 4255 1416 4302 ut
