<?xml version="1.0" encoding="UTF-8"?>
<!DOCTYPE html PUBLIC "-//W3C//DTD XHTML 1.0 Transitional//EN"
    "http://www.w3.org/TR/xhtml1/DTD/xhtml1-transitional.dtd">
<html xmlns="http://www.w3.org/1999/xhtml" xml:lang="en" lang="en">
 <head>
  <title>
</title>
<meta http-equiv="Content-Type" content="text/html;charset=utf-8" />
  <meta name='ocr-system' content='tesseract 3.04.00' />
  <meta name='ocr-capabilities' content='ocr_page ocr_carea ocr_par ocr_line ocrx_word'/>
</head>
<body>
  <div class='ocr_page' id='page_1' title='image "./philodemirhetor01philgoog_0212.png"; bbox 0 0 3174 5284; ppageno 0'>
   <div class='ocr_carea' id='block_1_1' title="bbox 514 545 1245 670">
    <p class='ocr_par' dir='ltr' id='par_1_1' title="bbox 514 545 1245 670">
     <span class='ocr_line' id='line_1_1' title="bbox 514 545 1245 670; baseline 0.005 -28"><span class='ocrx_word' id='word_1_1' title='bbox 514 575 741 644; x_wconf 75' lang='lat' dir='ltr'>connum</span> <span class='ocrx_word' id='word_1_2' title='bbox 765 577 927 644; x_wconf 81' lang='lat' dir='ltr'>xxxiv.</span> <span class='ocrx_word' id='word_1_3' title='bbox 1166 576 1214 670; x_wconf 83' lang='lat'>69</span> <span class='ocrx_word' id='word_1_4' title='bbox 1243 545 1245 568; x_wconf 88' lang='lat'>&#39;</span> 
     </span>
    </p>
   </div>
   <div class='ocr_carea' id='block_1_2' title="bbox 440 772 1269 1015">
    <p class='ocr_par' dir='ltr' id='par_1_2' title="bbox 440 772 1269 1015">
     <span class='ocr_line' id='line_1_2' title="bbox 440 772 1215 850; baseline -0.006 0"><span class='ocrx_word' id='word_1_5' title='bbox 440 777 508 850; x_wconf 89' lang='lat' dir='ltr'>soli</span> <span class='ocrx_word' id='word_1_6' title='bbox 539 772 768 848; x_wconf 83' lang='lat' dir='ltr'>contendunt</span> <span class='ocrx_word' id='word_1_7' title='bbox 797 799 835 846; x_wconf 88' lang='lat' dir='ltr'>se</span> <span class='ocrx_word' id='word_1_8' title='bbox 862 798 939 845; x_wconf 90' lang='lat' dir='ltr'>rem</span> <span class='ocrx_word' id='word_1_9' title='bbox 959 798 1107 846; x_wconf 91' lang='lat' dir='ltr'>omnem</span> <span class='ocrx_word' id='word_1_10' title='bbox 1137 781 1215 846; x_wconf 84' lang='lat' dir='ltr'>uni-</span> 
     </span>
     <span class='ocr_line' id='line_1_3' title="bbox 440 915 1269 1015; baseline -0.002 -28"><span class='ocrx_word' id='word_1_11' title='bbox 440 920 572 990; x_wconf 87' lang='lat' dir='ltr'>versim</span> <span class='ocrx_word' id='word_1_12' title='bbox 599 915 746 986; x_wconf 84' lang='lat' dir='ltr'>laudare</span> <span class='ocrx_word' id='word_1_13' title='bbox 775 931 839 986; x_wconf 88' lang='lat' dir='ltr'>aut</span> <span class='ocrx_word' id='word_1_14' title='bbox 860 920 1065 1015; x_wconf 87' lang='lat' dir='ltr'>vituperare</span> <span class='ocrx_word' id='word_1_15' title='bbox 1088 941 1213 1015; x_wconf 82' lang='lat' dir='ltr'>posse3</span> <span class='ocrx_word' id='word_1_16' title='bbox 1267 965 1269 970; x_wconf 89' lang='lat'>-</span> 
     </span>
    </p>
   </div>
   <div class='ocr_carea' id='block_1_3' title="bbox 439 1056 1212 1157">
    <p class='ocr_par' dir='ltr' id='par_1_3' title="bbox 439 1056 1212 1157">
     <span class='ocr_line' id='line_1_4' title="bbox 439 1056 1212 1157; baseline -0.004 -26"><span class='ocrx_word' id='word_1_17' title='bbox 439 1085 587 1157; x_wconf 83' lang='lat' dir='ltr'>aequum</span> <span class='ocrx_word' id='word_1_18' title='bbox 626 1069 679 1127; x_wconf 84' lang='lat' dir='ltr'>est</span> <span class='ocrx_word' id='word_1_19' title='bbox 721 1058 903 1152; x_wconf 78' lang='lat' dir='ltr'><strong>inquirere</strong></span> <span class='ocrx_word' id='word_1_20' title='bbox 949 1073 1073 1129; x_wconf 84' lang='lat' dir='ltr'>utrum</span> <span class='ocrx_word' id='word_1_21' title='bbox 1115 1056 1212 1130; x_wconf 91' lang='lat' dir='ltr'>idem</span> 
     </span>
    </p>
   </div>
   <div class='ocr_carea' id='block_1_4' title="bbox 320 1202 1214 1298">
    <p class='ocr_par' dir='ltr' id='par_1_4' title="bbox 320 1202 1214 1298">
     <span class='ocr_line' id='line_1_5' title="bbox 320 1202 1214 1298; baseline 0.002 -30"><span class='ocrx_word' id='word_1_22' title='bbox 320 1247 327 1268; x_wconf 83' lang='grc'><strong>.</strong></span> <span class='ocrx_word' id='word_1_23' title='bbox 440 1217 698 1298; x_wconf 84' lang='lat' dir='ltr'><strong>argumentum</strong></span> <span class='ocrx_word' id='word_1_24' title='bbox 744 1202 887 1274; x_wconf 90' lang='lat' dir='ltr'>dicendi</span> <span class='ocrx_word' id='word_1_25' title='bbox 927 1214 1095 1291; x_wconf 88' lang='lat' dir='ltr'>sumant,</span> <span class='ocrx_word' id='word_1_26' title='bbox 1140 1202 1214 1270; x_wconf 90' lang='lat' dir='ltr'>sive</span> 
     </span>
    </p>
   </div>
   <div class='ocr_carea' id='block_1_5' title="bbox 0 2132 3 2787">
    <p class='ocr_par' dir='ltr' id='par_1_5' title="bbox 0 2132 3 2787">
     <span class='ocr_line' id='line_1_6' title="bbox 0 2132 3 2787; baseline 0 0"><span class='ocrx_word' id='word_1_27' title='bbox 0 2132 3 2787; x_wconf 95' lang='lat' dir='ltr'> </span> 
     </span>
    </p>
   </div>
   <div class='ocr_carea' id='block_1_6' title="bbox 392 1339 1290 3274">
    <p class='ocr_par' dir='ltr' id='par_1_6' title="bbox 392 1339 1290 2708">
     <span class='ocr_line' id='line_1_7' title="bbox 440 1339 1214 1442; baseline -0.001 -31"><span class='ocrx_word' id='word_1_28' title='bbox 440 1341 509 1412; x_wconf 90' lang='lat' dir='ltr'>sibi</span> <span class='ocrx_word' id='word_1_29' title='bbox 560 1357 766 1442; x_wconf 85' lang='lat' dir='ltr'>proponant</span> <span class='ocrx_word' id='word_1_30' title='bbox 817 1342 989 1431; x_wconf 85' lang='lat' dir='ltr'>laudare,</span> <span class='ocrx_word' id='word_1_31' title='bbox 1039 1345 1113 1411; x_wconf 89' lang='lat' dir='ltr'>sive</span> <span class='ocrx_word' id='word_1_32' title='bbox 1151 1339 1214 1411; x_wconf 90' lang='lat' dir='ltr'>ha-</span> 
     </span>
     <span class='ocr_line' id='line_1_8' title="bbox 439 1478 1213 1582; baseline -0.012 -24"><span class='ocrx_word' id='word_1_33' title='bbox 439 1480 549 1572; x_wconf 84' lang='lat' dir='ltr'>beant</span> <span class='ocrx_word' id='word_1_34' title='bbox 581 1484 618 1553; x_wconf 90' lang='lat' dir='ltr'>in</span> <span class='ocrx_word' id='word_1_35' title='bbox 651 1488 773 1554; x_wconf 94' lang='lat' dir='ltr'>animo</span> <span class='ocrx_word' id='word_1_36' title='bbox 807 1487 1036 1582; x_wconf 89' lang='lat' dir='ltr'>vituperare;</span> <span class='ocrx_word' id='word_1_37' title='bbox 1075 1505 1121 1550; x_wconf 89' lang='lat' dir='ltr'>an</span> <span class='ocrx_word' id='word_1_38' title='bbox 1153 1478 1213 1566; x_wconf 85' lang='lat' dir='ltr'>illa</span> 
     </span>
     <span class='ocr_line' id='line_1_9' title="bbox 441 1605 1290 1719; baseline -0.005 -28"><span class='ocrx_word' id='word_1_39' title='bbox 441 1605 698 1694; x_wconf 84' lang='lat' dir='ltr'>tantummodo</span> <span class='ocrx_word' id='word_1_40' title='bbox 717 1647 798 1719; x_wconf 83' lang='lat' dir='ltr'>quae</span> <span class='ocrx_word' id='word_1_41' title='bbox 815 1619 1007 1692; x_wconf 84' lang='lat' dir='ltr'>laudabilia</span> <span class='ocrx_word' id='word_1_42' title='bbox 1027 1633 1114 1690; x_wconf 86' lang='lat' dir='ltr'>sunt</span> <span class='ocrx_word' id='word_1_43' title='bbox 1134 1617 1211 1689; x_wconf 88' lang='lat' dir='ltr'>lau·</span> <span class='ocrx_word' id='word_1_44' title='bbox 1287 1621 1290 1629; x_wconf 79' lang='grc'><em>“</em></span> 
     </span>
     <span class='ocr_line' id='line_1_10' title="bbox 438 1759 1211 1860; baseline -0.004 -30"><span class='ocrx_word' id='word_1_45' title='bbox 438 1759 524 1832; x_wconf 86' lang='lat' dir='ltr'>dare</span> <span class='ocrx_word' id='word_1_46' title='bbox 567 1762 703 1854; x_wconf 87' lang='lat' dir='ltr'>velint,</span> <span class='ocrx_word' id='word_1_47' title='bbox 750 1767 956 1860; x_wconf 87' lang='lat' dir='ltr'>vituperare</span> <span class='ocrx_word' id='word_1_48' title='bbox 1002 1774 1123 1834; x_wconf 87' lang='lat' dir='ltr'>autem</span> <span class='ocrx_word' id='word_1_49' title='bbox 1169 1781 1211 1828; x_wconf 90' lang='lat' dir='ltr'>ea</span> 
     </span>
     <span class='ocr_line' id='line_1_11' title="bbox 437 1901 1208 2003; baseline -0.009 -27"><span class='ocrx_word' id='word_1_50' title='bbox 437 1902 692 1976; x_wconf 88' lang='lat' dir='ltr'>tantummodo</span> <span class='ocrx_word' id='word_1_51' title='bbox 723 1929 803 2000; x_wconf 86' lang='lat' dir='ltr'>quae</span> <span class='ocrx_word' id='word_1_52' title='bbox 827 1901 1078 2003; x_wconf 85' lang='lat' dir='ltr'>vituperabilia</span> <span class='ocrx_word' id='word_1_53' title='bbox 1114 1913 1208 1970; x_wconf 89' lang='lat' dir='ltr'>sunt.</span> 
     </span>
     <span class='ocr_line' id='line_1_12' title="bbox 438 2045 1210 2148; baseline -0.001 -35"><span class='ocrx_word' id='word_1_54' title='bbox 438 2045 530 2114; x_wconf 91' lang='lat' dir='ltr'>Nam</span> <span class='ocrx_word' id='word_1_55' title='bbox 559 2048 589 2114; x_wconf 85' lang='lat' dir='ltr'>si</span> <span class='ocrx_word' id='word_1_56' title='bbox 617 2048 716 2144; x_wconf 88' lang='lat' dir='ltr'>prius</span> <span class='ocrx_word' id='word_1_57' title='bbox 747 2061 935 2135; x_wconf 87' lang='lat' dir='ltr'>asserunt,</span> <span class='ocrx_word' id='word_1_58' title='bbox 967 2058 1210 2148; x_wconf 62' lang='lat' dir='ltr'>praeterquam</span> 
     </span>
     <span class='ocr_line' id='line_1_13' title="bbox 435 2184 1211 2285; baseline 0 -30"><span class='ocrx_word' id='word_1_59' title='bbox 435 2184 537 2280; x_wconf 94' lang='lat' dir='ltr'>quod</span> <span class='ocrx_word' id='word_1_60' title='bbox 568 2191 720 2259; x_wconf 90' lang='lat' dir='ltr'>amentis</span> <span class='ocrx_word' id='word_1_61' title='bbox 748 2205 802 2260; x_wconf 88' lang='lat' dir='ltr'>est</span> <span class='ocrx_word' id='word_1_62' title='bbox 829 2188 976 2264; x_wconf 89' lang='lat' dir='ltr'>laudare</span> <span class='ocrx_word' id='word_1_63' title='bbox 992 2185 1211 2285; x_wconf 87' lang='lat' dir='ltr'>vituperabi-</span> 
     </span>
     <span class='ocr_line' id='line_1_14' title="bbox 435 2325 1210 2429; baseline 0.005 -36"><span class='ocrx_word' id='word_1_64' title='bbox 435 2325 501 2414; x_wconf 85' lang='lat' dir='ltr'>lia,</span> <span class='ocrx_word' id='word_1_65' title='bbox 515 2327 707 2400; x_wconf 86' lang='lat' dir='ltr'>laudabilia</span> <span class='ocrx_word' id='word_1_66' title='bbox 723 2355 809 2402; x_wconf 91' lang='lat' dir='ltr'>vero</span> <span class='ocrx_word' id='word_1_67' title='bbox 828 2332 1053 2429; x_wconf 80' lang='lat' dir='ltr'>vituperare3</span> <span class='ocrx_word' id='word_1_68' title='bbox 1080 2352 1125 2397; x_wconf 91' lang='lat' dir='ltr'>ne</span> <span class='ocrx_word' id='word_1_69' title='bbox 1144 2351 1210 2424; x_wconf 92' lang='lat' dir='ltr'>po-</span> 
     </span>
     <span class='ocr_line' id='line_1_15' title="bbox 392 2451 1210 2566; baseline 0 -29"><span class='ocrx_word' id='word_1_70' title='bbox 392 2451 396 2458; x_wconf 35' lang='lat'><em>*</em></span> <span class='ocrx_word' id='word_1_71' title='bbox 438 2481 508 2538; x_wconf 88' lang='lat' dir='ltr'>test</span> <span class='ocrx_word' id='word_1_72' title='bbox 529 2469 679 2566; x_wconf 87' lang='lat' dir='ltr'>quidem</span> <span class='ocrx_word' id='word_1_73' title='bbox 700 2495 776 2542; x_wconf 88' lang='lat' dir='ltr'>esse</span> <span class='ocrx_word' id='word_1_74' title='bbox 797 2469 959 2542; x_wconf 86' lang='lat' dir='ltr'>laudatio</span> <span class='ocrx_word' id='word_1_75' title='bbox 986 2483 1051 2540; x_wconf 92' lang='lat' dir='ltr'>aut</span> <span class='ocrx_word' id='word_1_76' title='bbox 1068 2474 1210 2566; x_wconf 91' lang='lat' dir='ltr'>vitupe-</span> 
     </span>
     <span class='ocr_line' id='line_1_16' title="bbox 435 2611 1208 2708; baseline 0 -31"><span class='ocrx_word' id='word_1_77' title='bbox 435 2612 527 2680; x_wconf 80' lang='lat' dir='ltr'>ratio</span> <span class='ocrx_word' id='word_1_78' title='bbox 551 2635 675 2682; x_wconf 87' lang='lat' dir='ltr'>rerum</span> <span class='ocrx_word' id='word_1_79' title='bbox 694 2614 732 2682; x_wconf 91' lang='lat' dir='ltr'>in</span> <span class='ocrx_word' id='word_1_80' title='bbox 749 2611 885 2708; x_wconf 91' lang='lat' dir='ltr'>quibus</span> <span class='ocrx_word' id='word_1_81' title='bbox 898 2634 1132 2708; x_wconf 88' lang='lat' dir='ltr'>nequaquam</span> <span class='ocrx_word' id='word_1_82' title='bbox 1154 2632 1208 2678; x_wconf 91' lang='lat' dir='ltr'>re·</span> 
     </span>
    </p>

    <p class='ocr_par' dir='ltr' id='par_1_7' title="bbox 434 2749 1208 3274">
     <span class='ocr_line' id='line_1_17' title="bbox 434 2749 1206 2848; baseline 0.001 -29"><span class='ocrx_word' id='word_1_83' title='bbox 434 2753 625 2845; x_wconf 90' lang='lat' dir='ltr'>periuntur</span> <span class='ocrx_word' id='word_1_84' title='bbox 650 2775 692 2822; x_wconf 88' lang='lat' dir='ltr'>ea</span> <span class='ocrx_word' id='word_1_85' title='bbox 713 2777 797 2848; x_wconf 89' lang='lat' dir='ltr'>quae</span> <span class='ocrx_word' id='word_1_86' title='bbox 821 2758 904 2848; x_wconf 92' lang='lat' dir='ltr'>quis</span> <span class='ocrx_word' id='word_1_87' title='bbox 923 2752 1072 2840; x_wconf 80' lang='lat' dir='ltr'>dixerit3</span> <span class='ocrx_word' id='word_1_88' title='bbox 1092 2749 1206 2820; x_wconf 88' lang='lat' dir='ltr'>multa</span> 
     </span>
     <span class='ocr_line' id='line_1_18' title="bbox 435 2893 1208 2991; baseline 0.003 -31"><span class='ocrx_word' id='word_1_89' title='bbox 435 2905 576 2981; x_wconf 89' lang='lat' dir='ltr'>autem,</span> <span class='ocrx_word' id='word_1_90' title='bbox 591 2893 629 2962; x_wconf 92' lang='lat' dir='ltr'>in</span> <span class='ocrx_word' id='word_1_91' title='bbox 647 2895 881 2984; x_wconf 83' lang='lat' dir='ltr'>universum,</span> <span class='ocrx_word' id='word_1_92' title='bbox 897 2919 1015 2991; x_wconf 88' lang='lat' dir='ltr'>neque</span> <span class='ocrx_word' id='word_1_93' title='bbox 1034 2893 1208 2965; x_wconf 81' lang='lat' dir='ltr'>laudatio-</span> 
     </span>
     <span class='ocr_line' id='line_1_19' title="bbox 434 3032 1206 3133; baseline 0.004 -33"><span class='ocrx_word' id='word_1_94' title='bbox 434 3054 518 3101; x_wconf 87' lang='lat' dir='ltr'>nem</span> <span class='ocrx_word' id='word_1_95' title='bbox 534 3032 743 3122; x_wconf 91' lang='lat' dir='ltr'>admittunt,</span> <span class='ocrx_word' id='word_1_96' title='bbox 757 3059 876 3132; x_wconf 88' lang='lat' dir='ltr'>neque</span> <span class='ocrx_word' id='word_1_97' title='bbox 893 3037 1206 3133; x_wconf 84' lang='lat' dir='ltr'>vituperationem.</span> 
     </span>
     <span class='ocr_line' id='line_1_20' title="bbox 436 3151 1207 3274; baseline 0.005 -34"><span class='ocrx_word' id='word_1_98' title='bbox 436 3173 497 3240; x_wconf 92' lang='lat' dir='ltr'>Sin</span> <span class='ocrx_word' id='word_1_99' title='bbox 508 3188 713 3245; x_wconf 88' lang='lat' dir='ltr'>asseverant</span> <span class='ocrx_word' id='word_1_100' title='bbox 734 3151 931 3274; x_wconf 86' lang='lat' dir='ltr'>posterius,</span> <span class='ocrx_word' id='word_1_101' title='bbox 951 3174 1018 3246; x_wconf 90' lang='lat' dir='ltr'>sibi</span> <span class='ocrx_word' id='word_1_102' title='bbox 1036 3189 1207 3270; x_wconf 88' lang='lat' dir='ltr'>arrogant</span> 
     </span>
    </p>
   </div>
   <div class='ocr_carea' id='block_1_7' title="bbox 434 3313 1207 3540">
    <p class='ocr_par' dir='ltr' id='par_1_8' title="bbox 434 3313 1207 3540">
     <span class='ocr_line' id='line_1_21' title="bbox 435 3313 1207 3412; baseline 0.005 -32"><span class='ocrx_word' id='word_1_103' title='bbox 435 3335 510 3381; x_wconf 92' lang='lat' dir='ltr'>non</span> <span class='ocrx_word' id='word_1_104' title='bbox 533 3313 646 3384; x_wconf 89' lang='lat' dir='ltr'>modo</span> <span class='ocrx_word' id='word_1_105' title='bbox 663 3319 889 3412; x_wconf 85' lang='lat' dir='ltr'>sapientiam,</span> <span class='ocrx_word' id='word_1_106' title='bbox 907 3314 971 3386; x_wconf 90' lang='lat' dir='ltr'>sed</span> <span class='ocrx_word' id='word_1_107' title='bbox 998 3319 1107 3387; x_wconf 92' lang='lat' dir='ltr'>etiam</span> <span class='ocrx_word' id='word_1_108' title='bbox 1148 3337 1207 3384; x_wconf 89' lang='lat' dir='ltr'>co·</span> 
     </span>
     <span class='ocr_line' id='line_1_22' title="bbox 434 3438 1207 3540; baseline 0.012 -38"><span class='ocrx_word' id='word_1_109' title='bbox 434 3438 635 3529; x_wconf 86' lang='lat' dir='ltr'>gnitionem</span> <span class='ocrx_word' id='word_1_110' title='bbox 679 3438 960 3510; x_wconf 87' lang='lat' dir='ltr'>commodorum</span> <span class='ocrx_word' id='word_1_111' title='bbox 999 3453 1108 3540; x_wconf 89' lang='lat' dir='ltr'>atque</span> <span class='ocrx_word' id='word_1_112' title='bbox 1148 3438 1207 3510; x_wconf 92' lang='lat' dir='ltr'>da·</span> 
     </span>
    </p>
   </div>
   <div class='ocr_carea' id='block_1_8' title="bbox 432 3599 1207 3958">
    <p class='ocr_par' dir='ltr' id='par_1_9' title="bbox 432 3599 1207 3958">
     <span class='ocr_line' id='line_1_23' title="bbox 434 3599 1207 3678; baseline 0.006 -32"><span class='ocrx_word' id='word_1_113' title='bbox 434 3599 626 3666; x_wconf 89' lang='lat' dir='ltr'>mnorum,</span> <span class='ocrx_word' id='word_1_114' title='bbox 657 3604 737 3675; x_wconf 81' lang='lat' dir='ltr'>quae</span> <span class='ocrx_word' id='word_1_115' title='bbox 772 3604 1000 3677; x_wconf 85' lang='lat' dir='ltr'>unaquaeque</span> <span class='ocrx_word' id='word_1_116' title='bbox 1031 3604 1088 3651; x_wconf 86' lang='lat' dir='ltr'>res</span> <span class='ocrx_word' id='word_1_117' title='bbox 1115 3605 1207 3678; x_wconf 83' lang='lat' dir='ltr'>prae-</span> 
     </span>
     <span class='ocr_line' id='line_1_24' title="bbox 432 3713 1206 3819; baseline 0.005 -34"><span class='ocrx_word' id='word_1_118' title='bbox 432 3713 515 3803; x_wconf 88' lang='lat' dir='ltr'>bet;</span> <span class='ocrx_word' id='word_1_119' title='bbox 555 3731 664 3819; x_wconf 87' lang='lat' dir='ltr'>atque</span> <span class='ocrx_word' id='word_1_120' title='bbox 705 3744 873 3817; x_wconf 87' lang='lat' dir='ltr'>magnam</span> <span class='ocrx_word' id='word_1_121' title='bbox 904 3719 973 3790; x_wconf 90' lang='lat' dir='ltr'>sibi</span> <span class='ocrx_word' id='word_1_122' title='bbox 1000 3719 1206 3791; x_wconf 92' lang='lat' dir='ltr'>divitiarum</span> 
     </span>
     <span class='ocr_line' id='line_1_25' title="bbox 434 3843 1207 3958; baseline 0.009 -33"><span class='ocrx_word' id='word_1_123' title='bbox 434 3859 578 3954; x_wconf 91' lang='lat' dir='ltr'>copiam</span> <span class='ocrx_word' id='word_1_124' title='bbox 621 3843 858 3958; x_wconf 82' lang='lat' dir='ltr'>comparant,</span> <span class='ocrx_word' id='word_1_125' title='bbox 899 3860 1014 3932; x_wconf 89' lang='lat' dir='ltr'>multa</span> <span class='ocrx_word' id='word_1_126' title='bbox 1041 3860 1207 3932; x_wconf 90' lang='lat' dir='ltr'>laudabi-</span> 
     </span>
    </p>
   </div>
   <div class='ocr_carea' id='block_1_9' title="bbox 431 3995 1205 4101">
    <p class='ocr_par' dir='ltr' id='par_1_10' title="bbox 431 3995 1205 4101">
     <span class='ocr_line' id='line_1_26' title="bbox 431 3995 1205 4101; baseline 0.006 -35"><span class='ocrx_word' id='word_1_127' title='bbox 431 3995 477 4067; x_wconf 88' lang='lat' dir='ltr'>lia</span> <span class='ocrx_word' id='word_1_128' title='bbox 523 4003 792 4098; x_wconf 85' lang='lat' dir='ltr'>vituperantes,</span> <span class='ocrx_word' id='word_1_129' title='bbox 842 4028 916 4073; x_wconf 93' lang='lat' dir='ltr'>non</span> <span class='ocrx_word' id='word_1_130' title='bbox 964 4027 1079 4101; x_wconf 88' lang='lat' dir='ltr'>pauca</span> <span class='ocrx_word' id='word_1_131' title='bbox 1120 4026 1205 4072; x_wconf 91' lang='lat' dir='ltr'>vero</span> 
     </span>
    </p>
   </div>
   <div class='ocr_carea' id='block_1_10' title="bbox 0 0 1592 5284">
    <p class='ocr_par' dir='ltr' id='par_1_11' title="bbox 0 0 1592 5284">
     <span class='ocr_line' id='line_1_27' title="bbox 0 0 1592 5284; baseline 0 3"><span class='ocrx_word' id='word_1_132' title='bbox 0 0 1592 5284; x_wconf 95' lang='lat' dir='ltr'> </span> 
     </span>
    </p>
   </div>
  </div>
 </body>
</html>
