3198 5288
1082 511 1166 566 XVII

175 672 368 756 repertum,
388 657 618 755 sycophantae
637 685 645 726 :
666 658 871 731 Androtion
885 659 973 754 (49),
986 658 1157 756 Aristogi-

172 930 259 992 stinni
279 931 407 1010 Phocion
427 913 563 1002 daietur,
584 929 801 1009 ὁδ’Ἇγνωνίδης
822 928 852 988 τὸ
863 936 974 1010 πρᾶγμα
998 929 1157 1011 βαρὸαρυιθν

174 1017 241 1086 εἶναι
254 1027 300 1086 καί
310 1027 404 1110 μιαρὸν
412 1025 571 1106 ἡγούμενος·
586 1025 660 1102 ὅταν,
672 1025 739 1110 ἔφη,
751 1024 955 1104 Καλλιμέδοντα
963 1025 1007 1086 τὸν
1021 1026 1162 1106 μαστιγίαν

173 1122 310 1202 λάύωμεν,
318 1112 340 1182 ὦ
349 1122 439 1205 ἄνδρες
446 1123 587 1198 Ἀθηναῖοι,
594 1121 720 1190 λαθόντες
728 1120 937 1205 στρεύλιύσομεν·
949 1122 1009 1203 περί
1015 1121 1043 1180 δὲ
1051 1123 1165 1182 Φωκίω·

173 1243 216 1287 νος
242 1215 316 1278 οὐδὲν
341 1217 392 1299 ἐγὼ
410 1218 504 1302 γράφω
523 1226 649 1292 τοιοῦτον,
667 1219 736 1279 ibid.
756 1220 869 1280 XXXV.
887 1220 957 1278 Mox
975 1219 1165 1280 Athenienses

174 1316 266 1376 eidem
287 1317 353 1375 viro
368 1336 454 1395 quem
476 1316 512 1376 ad
528 1317 701 1395 supplicium
717 1315 812 1395 abripi
828 1315 972 1393 jusserant
987 1330 1165 1376 aeneamstn-

175 1428 254 1474 tuam
271 1426 450 1493 posuerunt,
463 1415 597 1492 necisque
611 1426 757 1472 auctorem
772 1413 873 1471 merita
890 1431 961 1470 nece
979 1414 1167 1484 mulctarunt,
1224 1463 1226 1472 .

174 1511 246 1570 ibid.
268 1513 438 1572 XXXVIII:
459 1513 512 1570 τῶν
535 1508 563 1569 δὲ
584 1508 738 1592 κατηγόρων
756 1508 912 1588 Ἁγνωνίδην
931 1506 979 1586 μὲν
1001 1509 1168 1571 αὖτολθάνα-

174 1631 219 1667 τον
234 1606 534 1690 καταχειροτονήσαντες
545 1605 709 1666 ἀπέκτειναν.
727 1607 771 1666 Cf.
784 1605 898 1667 Ruhnk.
911 1624 939 1682 p.
949 1606 1167 1670 LXXXIX-XC.

216 1705 278 1786 (48)
301 1705 343 1767 CI.
359 1705 472 1766 Ruhnk.
480 1707 511 1764 in
526 1706 612 1766 Rutil.
628 1708 701 1784 Lup.
716 1725 744 1783 p.
765 1705 868 1771 32-34.

217 1803 279 1881 (49)
301 1803 468 1862 Orationem
477 1823 557 1861 suam
567 1801 810 1862 inAndrotionem
819 1821 930 1861 summa
940 1801 1172 1863 curaelaboravit

176 1899 395 1972 Demosthenes,
411 1900 519 1978 quippe
540 1918 626 1977 quem
649 1917 707 1956 non
728 1898 838 1976 fugeret
857 1898 913 1958 sibi
932 1902 1099 1960 certandum
1112 1920 1172 1962 esse

178 2017 245 2056 cum
270 1996 404 2059 Isocratis
428 1995 579 2074 discipulo.
602 1995 661 2055 IIac
684 1993 721 2052 de
741 2014 773 2052 re
797 1996 910 2055 Ruhnl.
925 2015 953 2074 p.
970 1997 1085 2058 LXXIV
1104 2001 1173 2058 citat

178 2093 330 2154 Scholiast.
349 2093 380 2151 in
394 2095 528 2170 Hermog.
544 2111 574 2170 p.
590 2101 645 2160 401
660 2089 961 2162 ιὲπετήδευσεν-κατθ
977 2095 1055 2165 ζῆλον
1072 2101 1117 2155 τοῦ
1134 2097 1173 2156 δι-

180 2190 324 2250 δασκάλου.
340 2189 452 2251 Addam
465 2190 615 2250 Scholiast.
627 2189 709 2248 illum
721 2207 783 2248 esse
794 2191 868 2246 lllax.
881 2189 1000 2248 Planud.
1012 2192 1066 2270 (Cf.
1082 2195 1171 2252 Walz.

180 2289 236 2350 llh.
248 2309 290 2368 gr.
300 2291 335 2349 T.
345 2291 380 2361 V,
391 2308 421 2367 p.
437 2294 507 2360 212)
526 2287 558 2346 in
568 2288 738 2364 Hermogen.
754 2289 796 2345 De
811 2288 928 2361 Formis,
937 2289 960 2355 l,
973 2288 1042 2348 ibid.
1056 2309 1084 2367 p.
1095 2293 1172 2348 513-

182 2387 259 2458 δοίης
274 2386 441 2469 Ἰσοκράτους
454 2383 575 2462 μαθητὴν
587 2374 654 2442 εἶναι
673 2381 795 2463 λέγουσιν
810 2383 991 2464 Ἀνδροτίωνα,
1012 2384 1057 2442 καί
1078 2377 1121 2460 ἦν,
1139 2386 1175 2454 ὥς

185 2507 265 2566 φησιν
279 2489 294 2544 ὁ
309 2483 397 2566 ῥήτωρ
410 2483 571 2569 (ὓοιοοοιίι.
593 2494 695 2541 contra
717 2481 846 2554 Androt.)
870 2480 991 2561 τεχνίτης
1012 2488 1058 2542 τοῦ
1078 2483 1173 2562 λίγειν·

182 2580 354 2653 ἔπετηδευσεν
391 2570 436 2639 ούν
470 2583 485 2640 θ
520 2576 693 2656 Δημοσθένης
735 2576 985 2656 κεκαλλωπισμένον
1015 2579 1176 2661 ἐργάσασθαι

183 2681 237 2758 (sio
250 2678 321 2738 sod.
330 2680 394 2738 Par.
417 2678 509 2754 ²9¹63
527 2679 638 2747 ποιῆσαι
656 2665 776 2772 exhibet
797 2675 868 2734 cod.
884 2677 949 2735 Par.
973 2697 1069 2754 ²9773
1085 2678 1178 2760 ἐρήσε-

184 2781 245 2835 σθαι
259 2774 330 2836 Cod.
344 2773 436 2853 Mon.)
456 2773 501 2832 τὸν
527 2771 587 2831 κατ’
609 2771 807 2854 Ἀνδροτίωνος,
824 2772 1101 2854 ἀντιφιλοτιμούμενος
1112 2776 1176 2858 πρὸς

185 2871 365 2956 Ἰσοκρατικθν
385 2872 462 2952 (ΑΜ.
482 2873 548 2932 Par.
575 2870 741 2952 Ἰσοκράτην,
764 2870 927 2950 perperam)
945 2869 1043 2953 ῥήτορα
1058 2872 1179 2954 παρίσοις

185 2969 322 3054 χρώμενον
334 2966 404 3027 κατδι
417 2968 496 3038 ζῆλον
510 2971 557 3026 τοῦ
572 2966 740 3028 διδασκάλου.

105 3083 108 3090 ’
224 3066 373 3127 Nonnulla
400 3066 477 3122 lectu
500 3063 588 3141 digna
614 3063 704 3121 tradit
741 3063 847 3121 Ioann.
871 3065 999 3124 Siceliot.
1017 3065 1117 3125 Schol.
1143 3069 1174 3124 in

186 3167 362 3240 Hermogen.
392 3163 436 3220 De
452 3161 579 3233 Formis,
603 3161 641 3220 I:
666 3162 681 3218 θ
701 3158 856 3239 Ἀνδροτίων
878 3155 1091 3242 Ἰοοκρατικθςῆ
1128 3163 1178 3244 ρή-

187 3285 260 3342 τωρ,
278 3260 324 3319 καί
342 3261 366 3317 οἱ
385 3257 491 3323 πλείους
504 3259 556 3314 τῶν
570 3257 716 3335 ίδικαστῶν·
732 3254 824 3314 ἑκατὸν
835 3255 889 3337 ,γάρ
912 3255 958 3329 ἔτη
982 3257 1087 3326 διδάξας
1105 3259 1178 3318 Ἰσο-

188 3356 287 3439 κράτης
301 3352 395 3434 σχεδὸν
410 3357 463 3412 τῶν
475 3354 590 3412 πολιτῶν
602 3350 708 3423 πάντων
726 3350 881 3419 διδάσκαλος
897 3343 948 3425 ἦν,
964 3353 1010 3412 καί
1034 3357 1087 3413 τῶν
1114 3354 1180 3438 ὑπὲρ

188 3454 303 3520 τούτους.
322 3451 461 3512 Δείκνυσιν
486 3441 563 3510 ούνθ
588 3448 675 3530 ῥήτωρ
698 3447 741 3507 διά
765 3453 813 3520 τῆς
838 3453 892 3509 τῶν
915 3449 1043 3523 ἷσοτίτων
1061 3453 1182 3524 εἷσύολῆς

188 3562 242 3620 τοῖς
255 3551 453 3631 Ἰσοκρατικοῖς,
466 3551 502 3614 ὡς
515 3549 545 3605 ού
558 3543 682 3628 δυσχερὲς
694 3543 728 3604 τδι
741 3551 849 3604 τοιαῦτα
862 3546 1016 3622 καλλύνειν,
1031 3549 1056 3607 εί
1064 3573 1104 3616 τις
1117 3550 1181 3630 βού-

188 3651 261 3709 λοιτο
271 3648 376 3718 δηλοῦν·
390 3642 510 3703 παιδικὸν
526 3640 554 3700 δὲ
571 3643 671 3720 μᾶλλον
685 3641 715 3699 τὸ
733 3649 846 3723 πρᾶγμα
863 3643 909 3700 καλ
926 3645 956 3701 ού
975 3645 1090 3717 σπουδῆς
1101 3645 1180 3716 άξιον·

189 3744 229 3802 διὸ
240 3740 287 3801 καί
300 3737 458 3823 παραδείξας
471 3737 544 3812 αὐτὸ,
556 3741 591 3804 ὡς
603 3735 659 3796 ἔστι
672 3733 770 3818 ῥᾴδιον,
784 3736 857 3804 εὐθὺς
869 3737 971 3812 ἀπέστη
983 3740 1180 3819 καταγέλαστον

190 3837 327 3922 ἀποφήνας
339 3836 384 3895 τὸν
400 3836 460 3918 περὶ
471 3841 555 3894 ταῦτα
568 3831 891 3916 σπουδάζουτα.Δεύτερον
907 3827 924 3896 Ιθ
938 3837 1108 3916 Δημοσθένης
1132 3840 1181 3918 μέν

190 3941 262 3996 ἐστιν
271 3939 337 3994 broii
346 3931 425 4010 λόγου
433 3930 532 4014 πατὴρ,
539 3929 669 4012 Διόδωρος
678 3927 706 3988 δὲ
717 3929 873 4012 θχρύιμενος
881 3930 985 4007 ἰδιώτης
991 3933 1067 4016 ἀνήρ·
1075 3934 1183 4012 μέθοδος

191 4033 373 4113 δδτῷποιητῇ
384 4035 430 4088 τοῦ
442 4029 521 4112 λόγου
534 4032 665 4100 ἡττᾶσθαι
679 4026 721 4086 διδ
733 4025 837 4088 ἰδιώτου
848 4029 892 4088 τὸν
901 4030 1073 4113 Ἀνδροτίωνα
1085 4031 1183 4114 ῥήτορα

191 4131 255 4190 ὄντα
268 4132 298 4188 ἐκ
309 4131 361 4186 τῶν
376 4125 478 4186 οἰκείων
495 4125 721 4204 ἐπιτηδευμάτων,
740 4127 819 4186 αὐτοῦ
834 4126 934 4199 δηλαδὴ
946 4133 992 4186 τοῦ
1004 4135 1183 4208 προσποιητοῦ

1065 4253 1084 4297 ‘2
