3198 5288
393 559 417 614 L

392 701 564 786 neribus3
591 723 718 771 nortun
749 697 976 794 syllogismos
999 697 1141 770 fallaces
1167 723 1245 773 esse
1272 717 1390 774 osten·

393 819 506 904 dens,
531 817 827 914 sophismataque
853 813 1015 886 solvendi
1037 816 1213 889 rationem
1245 817 1388 891 tradens

392 933 481 1030 (77).
512 931 554 1004 Id
570 933 608 1002 in
634 932 761 1029 primis
790 927 858 1000 sihi
885 933 1074 1026 proponit,
1094 945 1136 1000 ut
1151 931 1324 1004 omnibus
1343 934 1389 1010 sit

392 1071 632 1148 persuasum,
658 1047 840 1116 neminem
862 1046 941 1116 sine
960 1044 1193 1143 philosophia
1212 1071 1320 1144 posse
1335 1045 1384 1119 ef·

392 1164 452 1236 fici
467 1163 712 1259 eloquentem.
733 1157 842 1250 Quod
861 1173 903 1229 ut
921 1163 1123 1256 pertineat,
1147 1185 1188 1230 ea
1205 1185 1285 1258 quae
1302 1176 1388 1232 sunt

392 1294 493 1354 extra
513 1301 591 1350 rem
613 1290 765 1348 tractare
791 1273 879 1346 dicit
910 1274 992 1346 illos
1011 1277 1075 1371 qni
1102 1291 1280 1372 praecepta
1305 1282 1390 1348 scri·

391 1392 487 1467 bunt
504 1391 549 1464 de
565 1392 764 1488 protentio,
780 1387 1067 1474 danmatione,
1098 1403 1166 1460 etc.
1196 1390 1292 1485 (78);
1312 1415 1389 1462 ora·

392 1509 555 1602 turisque
581 1527 721 1574 munus
753 1501 842 1572 nihil
868 1501 1065 1572 aliudesse
1090 1502 1296 1591 contendit,
1319 1504 1389 1574 nisi

391 1635 433 1696 ut
456 1622 586 1694 doceat
609 1643 685 1690 rem
707 1641 796 1704 esse,
816 1617 871 1688 vel
894 1643 967 1688 non
986 1641 1075 1702 esse,
1093 1617 1149 1688 vel
1170 1607 1312 1708 laetam,
1331 1619 1387 1690 vel

390 1760 466 1810 non
480 1735 610 1808 factam
636 1734 725 1832 (79).
752 1735 876 1822 Quum
896 1747 1017 1804 autem
1044 1755 1171 1830 parum
1195 1737 1241 1804 sit
1257 1735 1389 1805 oratio-

391 1877 477 1924 nem
506 1865 626 1949 aptam
652 1873 730 1919 esse
756 1846 803 1919 ad
830 1845 938 1917 fidem
965 1845 1192 1933 faciendam,
1215 1849 1388 1920 multum·

390 1990 464 2064 qua
476 1955 640 2036 conferat
650 1975 832 2032 oratorem
845 1955 943 2057 apud
955 1961 1144 2032 audientes
1154 1959 1227 2034 fide
1236 1961 1387 2060 dignum

391 2079 538 2167 haberi,
577 2075 766 2148 audientes
802 2099 884 2172 erga
921 2089 1102 2147 oratorem
1136 2074 1231 2147 bene
1273 2073 1387 2160 allici,

391 2194 518 2266 eadem
550 2196 647 2263 enirn
683 2215 758 2260 non
794 2187 967 2259 videntur
996 2189 1203 2261 amantibus
1234 2205 1270 2262 et
1300 2189 1386 2262 odio

392 2306 647 2406 flagrantibus,
666 2304 904 2376 irascentibus
919 2318 955 2375 et
970 2303 1100 2376 leniter
1116 2330 1153 2376 se
1169 2303 1387 2376 habentibus

390 2422 486 2523 (80);
505 2421 695 2519 diligenter
717 2421 844 2491 statuit
857 2419 1068 2491 Aristoteles
1094 2422 1231 2491 oratori
1248 2445 1386 2517 cogno·

391 2537 544 2612 scendos
553 2561 629 2608 esse
645 2537 757 2606 animi
773 2533 936 2623 affectus
956 2559 1050 2630 quos
1064 2536 1111 2605 ita
1132 2536 1208 2632 ipse
1223 2559 1387 2632 perscru-

390 2668 489 2726 tatur
497 2652 535 2747 (8
544 2651 636 2742 ι),ιιῑ
650 2650 816 2721 humanae
831 2653 962 2719 mentis
973 2651 1387 2746 penitissirnosreoessus

356 2845 358 2848 ,
390 2764 877 2859 etlatebrasnemounquam
889 2763 1018 2856 majori
1034 2765 1225 2860 sagacitate
1237 2768 1386 2834 rimatus

391 2884 447 2952 sit.
471 2885 598 2976 Neque
624 2877 684 2948 illa
707 2881 844 2948 omittit
869 2877 1004 2974 quibus
1029 2892 1152 2948 orator
1174 2881 1228 2947 vir
1248 2877 1386 2976 probus

431 3078 494 3161 (77)
512 3079 556 3140 cf.
574 3077 708 3149 Ariston,
732 3075 861 3153 Sophist.
883 3075 1001 3134 Elench.
1026 3076 1095 3154 Cap.
1114 3075 1203 3145 l-lX;
1229 3075 1300 3136 ibid.
1314 3077 1384 3154 Cap.

390 3178 534 3240 XVI—XX.

431 3276 494 3357 (78)
509 3276 627 3335 Aristot.
647 3273 729 3332 tthet.
747 3273 780 3345 l,
802 3293 835 3330 1:
859 3269 969 3353 φανερὸν
991 3269 1038 3330 ὅσι’
1057 3269 1091 3329 τὰ
1104 3268 1154 3339 ἔξω
1167 3276 1212 3329 τοῦ
1231 3269 1386 3352 πράγματος

389 3375 598 3454 τεχνολογοῦσιν,
619 3368 676 3428 ὅσοι
693 3367 779 3427 τᾶλλα
801 3368 970 3450 διορίζουσιν,
992 3357 1046 3426 οἷον
1058 3366 1085 3425 τί
1098 3367 1137 3425 δεῖ
1149 3366 1180 3426 τὸ
1197 3365 1352 3449 προοίμιον,
1366 3366 1384 3438 ἢ

387 3471 436 3546 τλν
458 3470 578 3549 διήγησιν
590 3467 674 3548 ἔχειν,
688 3465 734 3526 καὶ
747 3469 799 3525 τῶν
812 3465 899 3524 ἄλλων
912 3462 1024 3524 ἕκαστον
1038 3464 1147 3544 μορίων.

429 3576 490 3657 (79)
504 3576 582 3636 ldem
594 3619 602 3647 ,
615 3574 687 3634 ibid.
700 3597 708 3632 ε
723 3570 762 3632 ἔτι
780 3571 809 3630 δὲ
831 3569 941 3653 φανερὸν
953 3616 961 3646 ,
972 3567 1013 3630 ὅτι
1027 3574 1073 3628 τοῦ
1093 3567 1141 3647 μὲν
1158 3565 1385 3648 ἀμφισὸητοῦντος

389 3673 463 3736 οὐδέν
478 3676 549 3734 ἔστιν
562 3671 612 3742 ἔξω
624 3676 671 3732 τοῦ
686 3669 768 3741 δεῖξαι
782 3668 813 3730 τὸ
826 3678 954 3750 πρᾶγμα,
970 3665 1010 3728 ὅτι
1025 3665 1095 3727 ἔστιν
1112 3665 1189 3738 ἢούκ
1200 3663 1285 3740 ἔστιν,
1303 3663 1321 3738 ἢ
1340 3665 1384 3744 γέ-

388 3788 463 3852 γονεν
476 3769 493 3844 ἢ
505 3771 535 3830 οὗ
551 3767 666 3849 γέγονεν.
1084 3825 1087 3832 ,

429 3877 488 3956 (80)
504 3877 601 3949 Idem,
612 3873 683 3936 ibid.
695 3874 738 3942 ll,
757 3893 769 3928 1
785 3895 792 3930 ι
807 3873 837 3931 οὒ
848 3869 900 3950 γὰρ
913 3867 999 3930 ταύτὰ
1016 3867 1135 3950 φαίνεται
1156 3870 1260 3950 φιλοῦσι
1277 3867 1322 3928 καὶ
1333 3891 1380 3946 μι-

389 3977 491 4036 σοῦσιν·
514 3966 757 4058 οὐδήὀργιζομένοις
778 3965 823 4025 καὶ
845 3963 936 4046 πρᾴως
956 3962 1080 4044 ἔχουσιν·
1102 3964 1160 4024 ἀλλ’
1176 3962 1194 4038 ἢ
1209 3963 1239 4026 τὸ
1255 3961 1381 4046 παράπαν

361 4102 363 4106 ·
388 4069 506 4154 (τιμὴ
527 4067 596 4130 κατὰ
613 4063 719 4145 μέγεθος
732 4061 826 4145 ἕτερα,
849 4063 906 4130 κτλ.

428 4178 490 4256 (8ο)
503 4175 626 4246 lbidem,
638 4173 682 4238 ll,
698 4192 779 4228 2-11.
