3194 5286
627 569 855 641 ootutuu
880 572 974 642 xut.
1093 543 1104 682 J
1157 574 1203 671 39

387 845 401 864 „
427 770 478 838 cis
516 763 665 838 consilia
703 765 874 857 dantem,
911 773 1087 842 orationis
1119 761 1203 844 coh-

427 929 702 1019 formationem,
726 947 923 1031 caeteraque
945 909 1094 1010 artificia
1124 963 1203 1035 quae

427 1103 675 1170 concionatori
717 1116 804 1172 sunt
840 1107 986 1201 propria
1023 1103 1092 1174 sibi
1144 1109 1201 1176 ds-

368 1317 375 1340 1
427 1282 652 1356 sumentem,
678 1283 864 1366 tamquam
894 1295 1049 1368 puerum
1074 1296 1201 1343 vocem

428 1435 615 1522 extollere,
654 1451 762 1534 atque
790 1439 981 1526 crocitare3
1019 1439 1201 1510 orationes

426 1599 547 1656 autem
596 1565 674 1681 ejus
727 1611 846 1685 neque
900 1591 1201 1685 contentionem,
1255 1657 1258 1662 .

425 1779 545 1850 neque
557 1758 756 1827 concitatos
772 1751 934 1842 aflectus,
948 1782 1069 1854 neque
1078 1762 1200 1830 Aetio-

427 1939 510 2006 nem
522 1917 723 1990 'admittere
748 1941 874 2018 posse3
890 1945 1012 2017 neque
1028 1920 1064 1991 id
1082 1921 1199 1995 solum

427 2083 464 2151 in
512 2105 549 2152 se
578 2081 760 2174 habere,
793 2085 856 2156 sed
910 2091 1018 2174 etiam
1057 2086 1200 2174 senten·
1251 2113 1254 2127 ·

426 2228 513 2321 tiam
539 2251 635 2346 ejus
661 2225 941 2348 nonnunquam
979 2254 1095 2348 nude,
1125 2257 1199 2355 ple·
1244 2235 1250 2240 ’

426 2443 580 2516 rumque
613 2431 733 2490 tamen
756 2417 917 2518 fragose,
948 2423 1120 2521 vocisque
1142 2428 1199 2494 in·

269 2649 272 2655 .
358 2673 360 2678 ,
425 2589 587 2668 tentione
608 2589 820 2672 summissa,
850 2601 960 2686 atque
977 2577 1085 2662 etiam
1107 2595 1197 2663 irate

367 2827 369 2832 ,
425 2755 647 2850 exprimere3
661 2777 777 2849 quum
807 2777 892 2826 vero
910 2758 1016 2826 mites
1044 2753 1197 2846 affectus
1241 2739 1245 2748 ¹

425 2940 681 3023 representare
714 2924 879 3013 student,
905 2951 996 2998 voce
1023 2927 1121 2999 velut
1157 2935 1219 3028 in

424 3111 565 3164 recessu
583 3089 785 3196 obscurata,
809 3089 1032 3188 diductoque
1047 3107 1203 3188 gutture¹

423 3257 641 3344 artificiose,
687 3247 745 3332 eas
779 3260 971 3333 clamitare.
1007 3261 1192 3359 Alioquin,

422 3440 600 3526 praecepta
610 3427 654 3500 de
665 3431 815 3500 Actione
824 3426 921 3526 apud
930 3427 1192 3524 quosdamuon

421 3598 470 3665 ita
483 3592 623 3691 pridem
639 3595 676 3664 in
688 3591 1194 3691 nugasabieruntMirumau-

348 3820 354 3830 .
420 3734 496 3828 tem
510 3723 713 3832 inmodum
726 3763 858 3830 Heroes
871 3766 908 3828 et
920 3756 971 3827 illi
986 3761 1051 3854 qui
1063 3756 1191 3830 heroas
1221 3720 1224 3725 .

420 3927 533 3995 secuti
559 3939 644 3995 sunt
671 3926 816 3996 Actioni
843 3947 969 3994 curam
1001 3920 1191 4009 dederunt,

344 4115 348 4125 “
419 4091 456 4162 id
477 4091 576 4189 quod
591 4091 708 4188 colligi
720 4105 853 4189 potest,
871 4092 1004 4188 partim
1023 4113 1044 4160 e
1061 4091 1202 4186 poetis,.
