3198 5288
1089 575 1204 632 xxvu

215 723 292 794 bito
325 721 417 793 lacta
450 735 503 790 est
537 719 634 816 apud
661 725 845 792 Romanos
870 723 1023 792 mutatio
1049 745 1205 792 morum.

264 839 388 910 Deleta
412 834 616 924 Corintho,
644 850 793 933 totaque
823 837 958 912 Graeeiu
984 838 1021 906 iu
1049 860 1206 909 romanae

218 953 411 1048 provinciis
425 949 735 1022 lormamredacta
752 951 830 1046 (84)
847 1004 856 1032 ,
872 949 1073 1022 libertatem
1093 951 1206 1048 leges-

219 1090 290 1162 que
309 1064 510 1135 incolumes
528 1063 764 1135 Athenienses
780 1071 1008 1136 retinuerunt
1031 1062 1121 1157 (85).
1142 1066 1208 1134 Mi·

219 1179 400 1250 thridatici
419 1192 542 1248 tamen
562 1175 649 1248 helli
665 1191 851 1276 tempore,
871 1204 891 1249 a
911 1180 1079 1249 Romanis
1100 1179 1205 1275 primi

218 1297 312 1365 inter
324 1295 468 1363 Graecos
482 1292 731 1384 desciverunt,
750 1292 1101 1392 imperabautquein
1116 1290 1208 1363 urbe

219 1411 347 1478 Aristio
362 1409 458 1502 (86),
478 1409 514 1478 iu
527 1411 639 1480 Piraeo
662 1407 855 1481 Archelaus
869 1409 968 1506 (87);
986 1433 1098 1504 quum
1115 1407 1209 1504 Sylla

220 1529 365 1617 portum
396 1520 587 1592 obsidione
601 1523 725 1609 cinxit,
749 1523 977 1617 Athenasque
999 1521 1094 1592 lame
1115 1545 1212 1618 pree

220 1799 305 1856 rietas
322 1811 365 1856 est
380 1800 411 1856 in
430 1797 522 1857 trihus
538 1799 732 1879 philosophis,
745 1821 819 1879 quos
831 1801 1022 1863 Athenienses
1041 1801 1162 1859 Romam
1175 1800 1212 1858 ad

222 1907 353 1952 senatum
370 1895 571 1972 populumque
590 1915 745 1954 romanum
767 1898 932 1974 legaverant
951 1898 1156 1976 impetratum,
1169 1897 1213 1955 uti

222 1991 338 2050 mutum
347 1993 524 2050 remitterent
538 2012 624 2070 quam
635 1992 762 2053 fecerant
774 2006 894 2072 propter
903 1995 995 2072 Oropi
1005 1993 1195 2052 vastationem
1207 2015 1213 2049 :

222 2110 255 2147 ea
269 2090 360 2147 multa
373 2089 465 2147 fiterat
478 2091 615 2148 talentum
635 2090 694 2151 fere
709 2091 907 2168 quingentum.
922 2093 1012 2150 Erant
1022 2092 1069 2150 lsti
1085 2091 1216 2170 philoso-

222 2187 273 2263 phi
284 2186 444 2246 Carueades
457 2207 494 2246 ex
503 2188 670 2260 Academia,
690 2189 833 2266 Diogenes
849 2190 965 2262 stoicus,
981 2189 1122 2249 Critolaus
1133 2189 1216 2267 peri-

223 2285 385 2362 pateticus3
410 2297 440 2344 et
466 2285 497 2343 in
511 2299 640 2346 senamm
669 2287 785 2364 quidem
808 2285 973 2358 introducti,
991 2287 1147 2365 interprete
1172 2287 1217 2344 usi

223 2393 290 2438 sunt
302 2385 334 2441 C.
345 2382 439 2448 Acilio
451 2395 581 2441 senatore
592 2403 601 2455 ;
615 2383 665 2442 sed
681 2395 747 2442 aute
760 2385 816 2462 ipsi
827 2401 954 2442 seorsum
967 2401 1083 2460 quoque
1096 2383 1217 2460 quisque

224 2478 384 2537 ostentandi
402 2479 510 2556 gratia,
533 2500 636 2557 magno
654 2493 798 2538 conventu
815 2480 963 2538 homiuum
982 2479 1216 2538 dissertaverunt.

225 2578 250 2634 T
250 2596 300 2634 um
316 2576 496 2634 admirationi
510 2577 597 2636 luisse
609 2579 690 2634 aiunt
702 2578 824 2638 Rutilius
838 2592 867 2637 et
877 2576 1015 2653 Polybius
1029 2576 1217 2655 philosopho-

225 2695 289 2732 rum
300 2675 388 2732 tn'um
403 2676 448 2732 sui
458 2673 597 2752 cujusque
610 2678 721 2753 generis
732 2676 903 2735 facundiam.
916 2677 1062 2746 Violeuta,
1073 2676 1218 2753 inquiunt,

226 2784 254 2828 et
275 2772 376 2850 rapida
392 2773 551 2832 Carneades
568 2772 696 2844 dicebat3
717 2774 787 2832 scita
805 2787 833 2832 et
851 2775 951 2833 teretia
971 2774 1132 2842 (hitolaus3
1155 2793 1219 2830 mo—

226 2867 306 2925 ‹lesta
319 2868 463 2945 Diogenes
476 2882 506 2928 et
519 2868 625 2930 sobria.
640 2897 652 2921 ν

266 2965 331 3040 (llll
344 2966 388 3022 Cf.
400 2966 523 3042 Ahrens,
546 2970 585 3022 de
603 2969 778 3026 Athenarum
792 2983 867 3026 statu
880 2971 1002 3048 politico
1018 2981 1047 3024 et
1068 2969 1219 3035 litterario,

227 3062 297 3116 iude
309 3064 347 3116 ab
360 3064 481 3117 Acltaici
494 3061 618 3134 soeden's
632 3071 746 3120 interitu
761 3086 851 3140 usque
865 3068 907 3121 ad
919 3067 1126 3122 Antouriaorum
1144 3078 1219 3120 tem-

225 3177 315 3231 pom3
327 3159 510 3233 Prooemium,
523 3166 539 3231 s
556 3170 646 3232 1-4..;
663 3163 817 3239 Gottingae,
834 3162 918 3238 1829,
930 3163 961 3219 in
975 3164 1018 3233 4⁰.

270 3255 331 3332 (85)
338 3255 451 3327 Strabo,
466 3257 528 3314 Lib.
540 3260 581 3318 lX
591 3282 598 3315 :
609 3256 741 3337 Ῥωμαῖοι
756 3259 779 3316 δ’
790 3250 835 3318 oie
848 3257 1048 3336 παραλαὸόντες
1061 3255 1156 3324 αὐτοὺς
1167 3257 1219 3329 δη-

229 3351 464 3432 μοκρατουμένους,
474 3353 603 3435 ἐφύλαξαν
617 3355 665 3426 τὴν
674 3355 832 3434 αὐτονομίαν
842 3358 930 3420 αὐτοῖς
941 3355 986 3414 καλ
1001 3354 1049 3426 τὴν
1061 3354 1221 3436 ἐλευθερίαν,

228 3471 258 3527 p.
274 3459 349 3522 274,
369 3451 415 3510 ed.
427 3451 546 3509 (Jusaub.
562 3453 646 3525 1587.

270 3547 382 3623 (Sdllle
394 3549 557 3618 Aristioue,
573 3550 611 3609 cl.
622 3549 727 3626 Athen.
739 3549 788 3608 lib.
802 3557 836 3609 V.
848 3570 878 3628 p.
889 3570 944 3608 211
959 3570 1022 3628 sqq.
1038 3549 1090 3607 ubi
1103 3561 1224 3609 vocatur

231 3643 373 3709 Athenio,
387 3644 423 3702 de
436 3665 496 3722 qno
514 3646 634 3706 casaub.
647 3667 709 3724 cap.
725 3648 811 3718 lull,
828 3668 856 3724 p.
870 3651 927 3704 232
938 3671 945 3704 :
955 3674 967 3698 ι
978 3648 1045 3708 Fuit
1058 3646 1106 3704 hic
1118 3645 1223 3706 nebulo

232 3737 399 3798 binominis.
413 3787 420 3799 .
432 3789 459 3801 ..
477 3744 613 3820 peculiari
634 3765 715 3802 more
728 3746 855 3803 omnium
871 3747 922 3823 qui
930 3745 980 3822 jus
990 3744 1114 3803 civitatis
1124 3743 1224 3800 fraude
1275 3821 1279 3830 ¹

232 3836 425 3912 acquirebant;
437 3859 551 3918 semper
569 3843 646 3899 enim
658 3842 842 3924 παρέγγραφοι
854 3844 931 3904 cives
945 3863 1052 3900 uorum
1067 3861 1171 3899 nomen
1194 3839 1224 3897 in

233 3953 348 3991 cerasum
365 3948 395 3992 et
420 3936 530 3996 tabulas
554 3939 684 4017 publicas
700 3940 888 4018 deferebant,
912 3961 970 3998 uon
986 3940 1055 3999 illud
1084 3959 1143 4016 quo
1160 3951 1226 3996 ante

233 4030 434 4091 noscebantur.
460 4037 538 4112 Ergo
551 4037 620 4108 iste,
638 4039 732 4096 iulans
752 4039 868 4116 quidem
890 4052 921 4096 et
940 4039 1009 4096 dum
1031 4037 1120 4095 servit
1135 4036 1227 4094 servi-

235 4138 337 4201 tutem,
358 4132 520 4206 appellauit
533 4139 674 4204 Αιαεηᾰας
690 4149 789 4212 postea
805 4155 876 4194 vero
890 4136 998 4194 Aristio
1011 4133 1149 4212 appellari
1168 4153 1228 4191 coe-

234 4224 276 4297 pit
288 4247 295 4280 :
307 4225 491 4308 παρέγγραφος
504 4229 647 4300 Ἀθηναίων
658 4231 767 4303 πολίτης
780 4232 954 4309 γενόμενος...
968 4230 1184 4308 'theophrastus
1198 4231 1228 4290 ln
