3194 5286
418 645 442 700 C

413 787 618 860 incredibili
640 788 809 860 varietate
828 813 951 859 rerum
972 803 1007 860 et
1024 790 1147 888 copia,
1174 813 1303 861 omnes
1329 814 1411 888 par·

414 918 468 975 tes
496 904 591 975 illius
627 902 828 1000 prudentiae
859 929 940 1001 quae
970 919 1175 975 versaretur
1203 905 1240 974 in
1276 912 1414 1002 perspi·

414 1014 551 1088 ciendis
574 1015 778 1087 rationibus
798 1015 1137 1088 constituendarum
1165 1031 1202 1088 et
1232 1017 1411 1114 regenda-

413 1158 495 1203 rum
528 1157 648 1203 rerum
682 1131 911 1230 publicarum
937 1131 1110 1230 petendas
1137 1157 1214 1204 esse
1247 1157 1267 1203 a
1297 1132 1412 1230 philo·

411 1246 542 1345 sophia
571 1244 694 1342 (269);
727 1245 928 1316 Rhetorum
947 1270 1034 1316 vero
1062 1245 1174 1317 libros
1201 1247 1308 1344 nugis
1330 1271 1431 1318 esse-

412 1362 575 1432 refertos.
618 1362 707 1448 Quae
758 1359 921 1446 disserit,
963 1367 1004 1430 ut'
1045 1361 1213 1431 ostendat
1257 1386 1304 1432 ne
1347 1362 1406 1431 vix

411 1475 558 1573 quidem
580 1477 689 1570 ipsam
713 1474 857 1546 dicendi
878 1476 1055 1544 rationem
1074 1499 1135 1546 eos
1154 1478 1329 1572 attigisse,
1348 1476 1408 1546 illa

410 1591 505 1660 'viam
537 1590 787 1687 praemuniunt
818 1593 861 1660 iis
893 1612 974 1686 quae
995 1591 1031 1659 in
1050 1588 1228 1688 sophistas
1261 1591 1405 1686 scripsit

409 1703 654 1776 Philodemus.

597 1929 652 1994 De
674 1922 874 1994 Philodami
889 1921 1076 1994 rhetoricis
1099 1921 1208 1994 libris.

456 2099 562 2168 Nunc
584 2097 671 2168 mihi
706 2095 961 2168 declarandum
990 2095 1025 2169 id
1058 2098 1162 2194 cujus
1192 2121 1298 2170 causa
1326 2099 1401 2173 haec

405 2212 609 2284 dissertatio
634 2214 800 2283 instituta
822 2226 895 2299 est3
918 2213 1091 2283 nimirum
1115 2214 1248 2310 qualis,
1276 2217 1400 2286 Nostri

404 2342 525 2413 aetate,
549 2325 660 2398 luerit
689 2325 911 2424 Sophr'stico,
935 2327 1086 2423 quinam
1117 2340 1205 2398 tunc
1221 2327 1399 2423 Sophrhtoe
1460 2416 1463 2423 .

403 2441 548 2512 dicendi
566 2440 711 2512 fuerint.
1030 2431 1032 2436 ¹

450 2559 500 2625 Ex
528 2580 604 2652 quo
632 2555 857 2652 Eloquentiae
889 2553 1047 2624 studium
1081 2555 1212 2624 invasit
1240 2559 1396 2654 populos

403 2673 509 2755 Asiae,
532 2669 771 2766 Rhodiosque
795 2683 831 2738 et
860 2668 1007 2738 aliarum
1044 2667 1243 2738 insularum
1277 2671 1393 2760 cives3

402 2791 488 2877 etsi,
511 2783 763 2857 deficientibus
783 2784 984 2854 litterarum
1007 2785 1271 2873 monumentis,
1305 2785 1393 2856 nihil

401 2905 610 2977 adseverare
650 2899 771 2984 liceat,
814 2914 934 2967 tamen
962 2901 1132 2968 Oratores
1166 2921 1187 2967 a
1217 2902 1393 2971 Cicerone

381 3027 721 3101 commemoratos,
752 3037 828 3082 non
859 3027 932 3082 tam
960 3027 1122 3081 oratores
1148 3009 1255 3083 foisse
1281 3038 1390 3110 quam

400 3135 671 3216 declamatores,
692 3126 777 3197 inde
806 3125 852 3197 ab
874 3128 1043 3222 Hegesia,
1071 3131 1154 3197 satis
1171 3129 1245 3197 veri
1276 3131 1391 3200 simile

400 3274 477 3320 esse
505 3245 633 3316 dicam.
655 3239 748 3311 Illud
776 3254 874 3312 certe
891 3254 1051 3324 constat,
1072 3243 1258 3337 Hegesiam
1293 3241 1389 3339 apud

400 3380 538 3436 veteres
576 3355 773 3454 sophistam
813 3357 992 3426 nominari
1024 3354 1138 3450 (270).
1185 3353 1387 3425 Philodemi

450 3565 486 3624 26
534 3562 593 3620 Cic.
607 3555 683 3619 Ibid.

436 3561 519 3743 l²73l
535 3657 655 3734 Dionys.
670 3654 758 3713 Halic.
771 3653 815 3714 De
826 3653 961 3731 Compos.
967 3649 1088 3709 Verhor.
1101 3648 1387 3728 wulpam-246,

394 3763 440 3823 ed.
451 3752 569 3819 seruet?
585 3743 622 3812 ὧν
636 3754 691 3812 ἐστι
711 3748 814 3830 πρῶτός
827 3771 855 3808 τε
869 3747 914 3808 καὶ
926 3751 1073 3814 τελευταῖος
1094 3743 1140 3805 καὶ
1154 3743 1233 3822 μίσος
1249 3746 1386 3823 ὁΜᾶγνης
1448 3801 1450 3806 ,

395 3854 521 3941 σοφιστὴς
544 3849 682 3931 Ἡγησίας.
702 3847 776 3908 lbid.
798 3867 826 3926 p.
850 3850 926 3915 248:
954 3844 980 3904 τί
1000 3841 1064 3904 ild
1085 3842 1349 3926 λαμὸάνενπρᾶγμά
1370 3850 1385 3906 δ

395 3953 539 4040 esplecin
562 3947 669 4009 τοιόνδε·
701 3943 885 4025 Ἀλέξανδρος,
907 3944 1054 4024 πολιορκῶν
1076 3943 1134 4001 κτλ.
1158 3942 1384 4013 Quamobrem

371 4073 373 4078 ·
394 4060 424 4115 in
439 4069 559 4112 numero
573 4046 766 4125 sophistarum
778 4042 929 4118 Hegesiam
945 4039 1078 4099 habuerit
1091 4040 1223 4116 Dionys,
1238 4039 1383 4098 declarant

394 4175 458 4234 quae
477 4151 548 4212 dicit
561 4149 580 4207 l.
594 4147 614 4205 l.
629 4163 658 4225 p.
672 4141 749 4203 256:
772 4139 854 4209 altu<
876 4140 985 4220 εὐγενῶς
1005 4139 1063 4218 ἅμα
1076 4135 1123 4200 καὶ
1136 4138 1225 4206 δεινῶς
1246 4137 1319 4210 πάθη
1333 4137 1381 4198 λέ-

392 4255 484 4332 γεσθαι
503 4246 634 4327 προσῆκεν
651 4237 696 4298 ὑπ’
708 4237 809 4321 ἀνδρῶν
832 4233 953 4318 φρόνημα
977 4235 1022 4295 καὶ
1035 4240 1096 4294 νοῦν
1118 4231 1248 4313 ἐχόντων·
1273 4233 1309 4298 ῶς
1328 4230 1382 4291 tlt
