3198 5288
1086 543 1193 602 van

197 725 289 817 λόγον
322 729 492 789 rotantes
520 718 720 787 orationem
749 737 831 809 quac
864 729 1004 786 certum
1046 739 1192 794 sensum

200 830 395 904 exhibebat
424 828 536 925 (¹37).
575 826 827 924 Etymologicae
858 849 982 900 curam
1005 831 1193 928 impende·
1253 859 1255 866 ¹

202 963 312 1033 runt,
359 967 425 1016 co·
457 967 575 1041 usque
624 955 664 1014 ut
710 941 755 1012 ad
801 945 954 1040 ineptias
999 943 1195 1017 descende·

201 1078 284 1134 rent
299 1059 415 1160 (138).

250 1175 361 1266 Quod
381 1173 426 1246 ad
445 1172 619 1244 orationis
638 1183 758 1269 partes
776 1169 927 1258 adtinet,
948 1184 1100 1269 quotuor
1118 1188 1195 1246 tan·

203 1287 395 1360 tummodo
408 1285 631 1360 admiserunt
648 1287 852 1356 Stoicorum
873 1287 1058 1384 principes
1075 1288 1195 1385 (139);

204 1507 215 1534 ι
228 1501 282 1560 per
293 1502 324 1540 se
334 1479 413 1539 haud
425 1493 531 1539 temere
544 1479 607 1558 quis
622 1478 779 1556 conjecerit
792 1491 821 1537 et
833 1480 974 1558 aspiratas
985 1480 1109 1560 (scilicet
1118 1503 1195 1561 prae·

203 1592 273 1638 «ter
288 1577 413 1656 liquidas
427 1597 499 1656 quas
512 1577 602 1636 hodic
622 1577 745 1636 dicimus
765 1595 798 1634 ac
820 1589 877 1635 tres
895 1579 1071 1656 compositas
1091 1601 1197 1639 conso·

205 1703 216 1730 a
229 1676 344 1743 nantesl
353 1697 371 1734 a
381 1675 487 1736 Stoicis
498 1674 719 1734 semivocalibus
727 1674 814 1732 luisse
826 1687 1044 1753 annumeratas;
1054 1678 1107 1735 etsi
1119 1679 1197 1756 quod

205 1773 338 1833 «diserte
372 1773 538 1832 Priscianus
563 1785 678 1848 narrat,
705 1771 782 1830 hunc
810 1793 926 1850 quoque
949 1793 1078 1833 errorem
1098 1795 1115 1832 a
1135 1779 1199 1853 qui-

204 1869 352 1930 «busdam
369 1869 497 1948 antiquis
519 1873 690 1930 Graecorum
702 1870 896 1947 grammaticis
913 1871 1054 1931 invasisse
1064 1873 1197 1944 Latinos,

205 1969 281 2046 «qui
301 1965 420 2046 quidem
438 1967 579 2045 aspiratas
594 1968 780 2026 semivocales
795 1987 857 2026 esse
880 1969 1027 2045 putarint,
1044 1971 1123 2030 nulla
1145 1973 1199 2028 alia

205 2093 215 2117 a
232 2085 316 2124 causa
327 2063 451 2142 inducti,
468 2063 524 2122 nisi
537 2063 615 2141 quod
631 2065 752 2142 spiritus
770 2065 802 2123 in
814 2065 849 2122 iis
863 2064 1011 2139 abundet,
1029 2067 1058 2126 id
1073 2068 1109 2125 ad
1121 2067 1201 2127 Stoi-

206 2190 217 2214 «
233 2179 335 2221 corum
345 2159 440 2220 redire
452 2159 617 2220 doctrinam
632 2159 676 2219 vel
690 2164 786 2220 miuus
797 2173 872 2220 esset
890 2161 1075 2240 probabile.»

244 2261 325 2338 (εδδ)
347 2261 432 2338 Diog.
455 2257 551 2319 Laert.
577 2259 596 2317 l.
620 2259 654 2336 l.,
678 2259 735 2316 56:
763 2259 897 2327 διαλεκτυς
926 2257 954 2320 δέ
970 2261 1026 2319 ἐστι
1058 2260 1126 2330 λέξις
1152 2287 1200 2322 κε·

204 2356 362 2441 χαραγμένη
376 2359 483 2426 ἐθνικῶς
503 2379 533 2416 τε
551 2355 596 2416 καλ
612 2355 792 2429 Ἑλληνικῶς·
810 2355 827 2428 ἢ
848 2356 917 2426 λέξις
935 2357 1054 2432 ποταπὴ,
1066 2357 1201 2435 τουτέστι,

205 2454 270 2516 ποιὰ
284 2453 354 2516 κατὰ
369 2453 520 2514 διάλεκτον·
534 2445 598 2528 οἷον,
619 2451 688 2512 κατὰ
703 2452 750 2532 μέν
763 2453 812 2524 τλν
824 2453 931 2514 Ἀτθίδα
948 2455 1115 2528 «θάλαττα»
1131 2458 1200 2518 κατὰ

207 2553 233 2613 δὲ
246 2553 296 2626 τλν
318 2552 393 2614 'laida
405 2551 543 2633 «ἡμέρη»

245 2649 329 2730 (137)
350 2649 444 2719 Idem,
458 2648 530 2706 ibid.
552 2661 581 2706 et
605 2647 640 2720 57
655 2643 743 2715 τλέξις
757 2643 786 2705 δέ
801 2649 871 2721 ἔστι,
886 2647 955 2708 κατὰ
967 2647 1025 2716 τοὺς
1052 2651 1201 2726 Στωϊκοὺς,

207 2746 242 2815 ὥς
255 2769 335 2828 φησιν
351 2750 366 2805 ὁ
379 2743 521 2824 Διογένης,
536 2745 609 2827 pori
624 2743 820 2826 ἐγγράμματος,
833 2733 896 2804 οἷον·
913 2743 1015 2829 ἡμέρα·
1029 2747 1095 2810 ἐστέ.
1118 2747 1202 2830 Λόγος

208 2843 235 2904 δέ
253 2845 309 2902 ἐστι
327 2840 401 2925 φωνὴ
414 2840 582 2920 σημαντικὴ,
599 2839 650 2898 ἀπὸ
665 2839 780 2907 διανοίας
808 2840 1009 2920 ἐκπεμπομένη.
1078 2845 1203 2929 Διαφέρει

207 2940 235 3000 δέ
244 2937 319 3022 possi
333 2939 379 2998 >ud
392 2937 473 3012 λέξις,
487 2936 527 2998 ότι
539 2935 612 3018 φωνὴ
634 2933 682 3016 μέν
696 2937 750 2997 κοιλ·
762 2939 776 2996 ὁ
788 2929 853 3018 ἦχός
864 2939 934 2997 ἐστι·
948 2937 1015 3008 λέξις
1027 2939 1069 3017 δέ,
1086 2943 1116 3002 τὸ
1128 2941 1204 3027 ἔναρ-

207 3043 266 3120 θρον
279 3036 366 3116 μόνον.
380 3035 457 3106 Λέξις
472 3035 500 3094 δὲ
513 3035 591 3115 λόγου
609 3033 739 3118 διαφέρει,
753 3035 793 3094 ότι
806 3035 883 3114 λόγος
901 3037 942 3096 tet
957 3039 1118 3116 σημαντικός
1138 3043 1203 3104 έστι·

150 3135 153 3144 '
206 3135 273 3205 λέξις
291 3133 318 3194 δὲ
332 3135 378 3194 καλ
401 3133 552 3212 ἀσήμαντος
571 3133 639 3204 ὡςῆ
663 3131 755 3215 Βλέτρι
774 3135 839 3212 (alii
853 3132 987 3217 Βλητυρι,
1010 3137 1054 3196 vel
1071 3138 1203 3222 Βλίτυρι)·

206 3231 281 3312 λόγος
292 3229 320 3292 δέ
334 3231 464 3310 οὐδαμῶς.
653 3247 657 3254 ’

246 3328 328 3410 (ns)
347 3331 392 3388 oe
407 3327 511 3388 stoicis
535 3329 742 3405 Erymologicae
769 3327 984 3389 studiosissimis
1011 3313 1046 3391 οἰ.
1062 3333 1203 3412 Schmidt,

207 3429 225 3486 1.
240 3428 271 3499 ι,
286 3448 315 3505 p.
331 3427 435 3485 23-35.

249 3523 328 3601 (ιδῃ)
343 3523 463 3599 Dionys.
475 3523 566 3582 llalic.
593 3523 636 3580 lle
656 3538 786 3600 compos.
802 3519 919 3580 verbor.
934 3524 971 3598 ll,
988 3545 1017 3603 p.
1034 3527 1138 3604 18-ao‚
1157 3530 1203 3590 ed.

207 3618 308 3680 Sclraef.
318 3623 350 3691 ιη
362 3617 480 3685 σόνθεσές
489 3621 571 3690 ἐστιν,
579 3614 791 3700 ὥσπερκαλαῦτὸ
802 3618 877 3692 δηλοῖ
883 3619 1009 3701 τοῦνομα,
1020 3625 1083 3684 ποιά
1092 3623 1206 3694 τιςθέσις

208 3717 270 3800 παρ’
281 3715 385 3789 ἄλληλα
395 3718 447 3774 τῶν
456 3712 588 3793 τοῦλόγου
602 3711 699 3796 μορίοιν
709 3739 715 3752 ·
727 3713 744 3773 ἃ
754 3715 785 3788 δὴ
795 3715 839 3774 καὶ
851 3717 970 3798 στοιχεῖά
980 3744 1047 3788 τινες
1057 3705 1104 3794 της
1111 3721 1204 3792 λέξεως

208 3816 326 3874 καλοῦσι.
338 3815 433 3874 Ταῦτα
444 3809 472 3870 δὲ
486 3809 634 3883 Θεοδέκτης
645 3809 692 3888 μὲν
704 3809 749 3870 καλ
759 3809 955 3894 Ἀριστοτέλης,
968 3816 1012 3876 καὶ
1026 3819 1049 3875 οἱ
1064 3819 1123 3878 κατ’
1140 3821 1205 3880 ἐκεί-

199 3909 499 4000 Ιιυιιςιριλοσοςόήσαντες
518 3907 645 3992 χρόνους,
663 3907 725 3992 ἄχρι
741 3913 820 3991 τριῶν
838 3911 1008 3993 προήγαγον,
1029 3900 1147 3993 ὀνόματα
1159 3917 1204 3976 καὶ

209 4009 315 4090 ῥήματα
336 4007 382 4066 καλ
405 4003 565 4084 συνδέσμους
580 4009 673 4088 πρῶτα
695 4005 763 4089 μέρη
782 4011 828 4079 τῆς
844 4007 938 4078 λέξεως
952 4017 1093 4078 ποιοῦντες.
1118 4015 1153 4073 Οἱ
1177 4015 1205 4074 δέ

209 4107 264 4185 μετ’
279 4089 373 4172 &drabe
382 4102 527 4184 γενόμενοι,
538 4102 583 4163 καὶ
594 4102 711 4181 μάλιστα
723 4106 746 4163 οἱ
756 4107 803 4176 τῆς
811 4107 935 4178 Στωϊκῆς
943 4103 1067 4190 αἱρέσεως
1079 4114 1206 4191 ἡγεμόνες

209 4203 256 4271 ἕως
269 4201 402 4284 τεττάρων
413 4197 772 4284 προύόέόασαν,χωρίσαντις
781 4200 833 4260 δ’πὸ
843 4205 896 4260 τῶν
906 4201 1059 4280 συνδέσμων
1068 4204 1102 4265 τὰ
1112 4207 1204 4293 ἄρθρα.

1044 4301 1061 4328 P‘

1041 4331 1068 4374 i),
