3174 5284
436 515 481 582 ut
508 515 829 601 ruinooeuun.
1067 516 1130 585 ιω

141 681 187 742 κόν
204 701 272 739 aare
286 694 315 737 et
326 687 446 758 genuine
453 683 587 752 judiciale
595 723 604 749 ,
622 679 824 760 &iamimperator
838 694 934 738 autem
956 703 1042 758 grans
1063 687 1132 740 idem

141 785 273 838 vitiatum
288 793 318 836 et
330 785 502 852 corruptione
516 781 706 854 depravatum.
723 781 816 838 lmmo
829 778 969 845 δικανικῶς
987 783 1088 837 malam
1106 782 1134 838 iu

143 889 259 955 partem
285 874 498 952 accipiebatur;
513 875 662 943 Chariton,
688 876 721 948 V,
749 883 764 942 4
785 896 791 930 :
812 876 906 933 Ταῦτα
922 875 1062 942 δικονικῶς
1088 877 1135 953 μὲν
1253 876 1255 882 ’

144 963 216 1032 εἶπεν
231 976 245 1031 ὁ
261 970 403 1038 Διονύσιος.
423 971 479 1031 Ubi
502 973 607 1029 latinus
628 972 790 1048 interpres:
806 999 817 1023 ιι
833 973 897 1030 iiaec
913 973 1059 1030 subtiliter
1071 976 1137 1051 qui—

145 1071 213 1130 dem
239 1083 270 1128 et
291 1070 423 1148 speciose
453 1069 610 1144 Dionysius
631 1089 668 1126 ex
691 1070 747 1126 fori
776 1089 831 1126 usu
866 1067 1060 1128 disserebat.»
1083 1072 1138 1128 tte-

147 1169 222 1226 otius
249 1167 371 1226 Dorvill.
400 1167 431 1224 in
453 1165 653 1226 unimodum
673 1169 712 1224 Ut
728 1173 919 1242 peritnsjuris
949 1187 1009 1224 non
1034 1168 1137 1242 modo,

146 1283 250 1324 verum
277 1263 365 1322 etiam
390 1277 422 1320 ut
439 1260 526 1337 vafer
553 1266 715 1340 leguleiur.»
742 1263 944 1339 Eloquentiam
971 1265 1000 1320 in
1025 1263 1139 1340 judiciis

147 1363 293 1435 usitatam,
313 1359 417 1420 acerbe
438 1361 533 1438 carpit
558 1361 656 1433 Plato,
680 1360 710 1416 in
730 1360 841 1418 Phaedr.
862 1362 948 1420 Βελίι.
972 1361 1018 1419 ed.
1048 1363 1139 1421 Lond.

153 1459 240 1532 1826,
253 1471 274 1518 t.
289 1459 312 1532 l,
324 1457 491 1536 p.179-180
502 1478 509 1514 ι
522 1454 563 1514 Τὸ
573 1455 700 1536 παράπαν
712 1455 764 1537 γθρ
776 1455 849 1516 οὐδὲν
863 1459 890 1516 ἓν
901 1465 955 1524 τοῖς
965 1458 1141 1540 δικαστηρίοις

151 1556 250 1618 τοθτων
270 1553 393 1628 ἀληθείας
411 1552 499 1632 μέλειν
513 1553 613 1624 οὐδενὶ,
634 1552 704 1612 ἀλλὰ
717 1559 762 1612 τοῦ
778 1557 899 1612 πιθανοῦ.
927 1558 1015 1614 Τοῦτο
1031 1555 1054 1613 δ’
1075 1547 1142 1616 εἶναι

150 1654 181 1714 τὸ
194 1642 312 1732 einim}
326 1652 379 1712 δεῖν
395 1651 545 1737 ττροοίχεινΙ
556 1650 600 1710 τὸν
616 1650 747 1728 μέλλοντα
762 1649 843 1730 τέχνῃ
865 1652 943 1733 ἐρεῖν.
958 1651 1028 1712 Οὐδὲ
1046 1651 1097 1734 γδρ
1109 1646 1143 1712 αὖ

151 1751 185 1810 τδ
198 1747 352 1832 πραχθέντα
370 1749 422 1808 δεῖν
440 1749 528 1826 λέγειν
553 1747 648 1822 ἐνίοτε,
668 1746 714 1806 tin
735 1747 773 1826 μὴ
792 1746 898 1815 εἰκότως
915 1739 932 1826 ᾖ
952 1750 1144 1830 πεπραγμένα,

151 1845 221 1907 ἀλλὰ
235 1845 269 1904 τθ
286 1845 388 1920 εἰκότα,
410 1843 437 1904 έν
454 1868 484 1904 τε
505 1843 652 1926 κατηγορία
672 1845 718 1903 καί
741 1844 890 1926 ἀπολογία·
912 1845 957 1904 καὶ
976 1846 1082 1915 πάντως
1099 1847 1144 1906 λέ-

153 1967 235 2022 γοντα
255 1942 286 2002 τὸ
302 1940 334 2014 δὴ
346 1941 414 2010 τίκδς
427 1939 551 2000 διωκτέον
565 1930 644 2014 εἶναι,
655 1939 743 1999 πολλὰ
754 1939 862 2000 εἰπόντα
873 1942 977 2022 χαίρειν
991 1947 1029 2022 τῷ
1044 1945 1145 2016 ἀληθεῖ.

153 2041 198 2102 Cf.
216 2041 368 2114 Eumdem,
379 2040 410 2098 in
420 2039 616 2116 Euthydemo‚
627 2040 647 2097 i.
659 2039 689 2113 l.,
700 2050 721 2096 t.
735 2041 783 2112 IV,
796 2059 826 2116 p.
838 2049 886 2114 94.

194 2158 228 2214 V.
248 2157 294 2212 15.
307 2153 362 2214 Καὶ
375 2151 466 2212 πόλει.
479 2198 486 2211 .
500 2199 506 2210 .
528 2154 572 2212 nd
586 2155 743 2228 civitatem,
754 2173 813 2211 non
824 2153 860 2210 ad
876 2155 1006 2232 privatos
1018 2169 1150 2234 spectare

153 2255 360 2312 deliberativum
373 2271 460 2330 genui
472 2250 600 2330 probant
614 2253 709 2328 capita
725 2271 790 2328 quae
804 2264 916 2309 veteres
931 2251 1075 2311 docebant
1094 2256 1150 2313 hoc

154 2371 265 2431 genere-
275 2369 337 2408 esse
350 2349 514 2418 tractanda3
531 2349 651 2408 Aristot.
664 2348 747 2407 Rhet.
760 2349 784 2421 l,
800 2357 817 2417 η
832 2369 839 2403 :
857 2348 957 2428 Σχεδὸν
968 2347 1020 2432 γὰρ
1040 2351 1101 2432 περί
1112 2343 1148 2410 ὧν

157 2447 326 2528 βουλεύονται
337 2446 446 2521 πάντες,
462 2445 509 2505 καί
525 2445 586 2528 περὶ
607 2443 803 2526 θάγορεθουοιν
823 2445 847 2503 οἱ
864 2443 1100 2523 ουμόουλεόοντες,
1116 2449 1148 2506 τὰ

156 2544 272 2625 μέγιστα
287 2543 413 2624 τυγχάνει
435 2544 513 2603 πέντε
526 2541 698 2625 τδνόἰριθμθν
717 2541 795 2601 όντα·
816 2541 900 2602 ταῦτα’
918 2543 941 2600 δ’
955 2543 1027 2618 ἐστί,
1041 2545 1103 2626 περί
1119 2569 1147 2605 τε

156 2642 256 2724 πόρων,
268 2641 314 2701 καί
328 2641 446 2719 πολέμου
462 2640 508 2700 καὶ
520 2640 637 2721 εἰρήνης·
650 2639 688 2699 ἔτι
700 2638 728 2699 δὲ
738 2637 799 2722 περί
813 2641 932 2721 φυλακῆς
946 2643 993 2713 τῆς
1004 2640 1094 2723 χώρας
1104 2644 1149 2703 καί

156 2741 210 2798 τῶν
226 2735 404 2817 εἰσαγομένων
422 2736 467 2796 καλ
482 2735 658 2816 ἐξαγομένων,
672 2735 717 2795 καί
729 2735 789 2818 περλ
803 2737 968 2815 νομοθεσίας.

198 2837 234 2896 V.
257 2836 373 2904 24-25.
394 2831 473 2894 Ἀλλδ
495 2839 614 2912 ἡμῖν...
651 2837 718 2894 Haec
748 2829 919 2916 Ᾰθτθγραιρυν
945 2835 983 2892 ita
1011 2835 1119 2912 praebet
1144 2862 1150 2895 ι

167 2933 465 3012 ΑΛΛᾹΗΜωΙ.
498 2941 668 3018 Quanquam
693 2939 729 2998 de
742 2961 800 2998 uno
815 2941 922 3018 agitur,
944 2962 1000 2998 uon
1023 2941 1152 3001 dubitavi

159 3058 230 3135 quin
253 3057 451 3134 repbnendnm
472 3066 545 3113 esset
570 3057 644 3131 ἡμῖν.
662 3053 818 3130 Exempla,
837 3045 901 3111 loco
918 3056 1064 3130 omnium,
1084 3079 1153 3136 sup-

159 3154 310 3234 peditabat
323 3156 410 3215 isocr.
430 3155 473 3212 De
487 3150 614 3212 Antidos,
634 3151 695 3222 XX,
708 3151 753 3210 ed.
775 3150 886 3228 Coray:
904 3151 945 3210 Δι’
958 3149 1052 3234 ἑτέρων
1067 3155 1154 3217 ποιοί-

161 3277 216 3332 μην
232 3252 281 3324 τὴν
302 3251 465 3330 ἀπολογίαν,
478 3248 533 3319 ἐξὸν
552 3246 644 3316 αὐτοὺς
658 3247 769 3316 δείξαντι
782 3247 839 3315 τοὺς
852 3246 944 3328 λόγους
967 3250 1088 3310 διαλῦσαι
1105 3251 1153 3326 τὴν

162 3353 348 3439 aaronem
362 3352 506 3434 ιηιμειηι
521 3353 581 3435 περ
597 3355 683 3430 ημῶν.
702 3355 735 3412 ln
756 3353 987 3418 nonannoeane
1008 3356 1073 3414 1000
1089 3338 1156 3418 aiu

162 3454 322 3532 significare
357 3450 483 3510 arbitror
507 3454 557 3508 sed
570 3455 663 3521 etiarn,
681 3447 835 3508 subandito
851 3448 904 3508 καί.
919 3451 960 3509 Cf.
973 3453 1007 3510 H.
1020 3454 1154 3532 Stephan.

162 3553 250 3610 Thes.
263 3551 308 3609 od.
321 3549 429 3622 Didon,
446 3550 505 3622 tt,
527 3569 555 3627 p.
578 3548 666 3620 1506,
683 3548 766 3624 1509.
844 3626 848 3635 Ι

590 3699 739 3718 U*-

245 3763 249 3784 '
354 3845 357 3854 -
461 3806 676 3873 coruum
701 3805 858 3873 xxxm.

209 3959 242 4018 V.
260 3959 324 4016 2-3.
338 3954 447 4016 Τούτων
463 3955 599 4037 ἑκάτερον.
613 3998 640 4014 .·
661 3954 803 4014 Nimirum
814 3955 952 4040 judiciale
973 3968 1002 4014 et
1019 3955 1160 4016 delibera-

169 4056 261 4112 tivum
276 4073 374 4132 genus.

892 4135 1019 4223 ιαδ
