3174 5284
393 497 518 602 mo'
706 527 1060 598 ιιινονινιονιιε

447 665 454 680 ’
678 693 901 762 concinni
930 693 1092 762 xxxvi.

427 851 460 909 V.
491 871 516 910 1.
556 846 775 926 Σεμνννόμενον.
794 889 828 906 ..
867 848 1004 908 Similiter
1046 848 1206 924 loquuntur
1242 847 1383 906 rhetores.

389 950 532 1025 lloxopat.
547 946 652 1006 llomil.
665 945 695 1002 in
710 944 875 1022 Aphthon.:
889 943 935 1011 Ὡς
957 947 980 1002 cl
994 942 1081 1022 μέοως
1091 941 1208 1022 ἔχοντες,
1231 942 1277 1002 κοιλ
1297 941 1383 1026 τούτῳ

389 1047 461 1124 αὐτῷ
487 1040 681 1121 σεμνυνόμενοι.
697 1043 750 1102 llll.
772 1062 814 1120 gr.
847 1043 936 1102 Walz.
963 1054 983 1101 t.
1006 1043 1052 1114 ll,
1072 1060 1101 1119 p.
1127 1061 1199 1116 ²773
1225 1041 1385 1100 Marcellin.

390 1143 486 1204 Schol.
501 1143 531 1203 in
557 1143 690 1220 llermog.
712 1143 755 1200 lle
769 1139 899 1200 statibus
917 1163 925 1199 ι
940 1139 1053 1212 Ἐπιιδλ
1078 1141 1151 1214 ἐκεῖ,
1175 1139 1246 1219 λέγω
1260 1139 1293 1212 δὴ
1308 1142 1384 1219 ἐνεῇ

393 1236 555 1312 ἀντιστάσει,
571 1235 641 1296 ἅπαν
656 1239 749 1296 ἑαυτοῦ
762 1245 880 1298 ποιεῖται
891 1236 921 1296 τὸ
933 1234 1008 1319 ἔργον
1024 1235 1211 1318 δκρινόμενος,
1226 1240 1264 1318 τῷ
1278 1237 1384 1319 συμφέ-

390 1360 462 1419 ροντι
478 1333 694 1417 φιλοτιμούμενος
703 1357 711 1372 ·
720 1334 766 1394 καλ
777 1336 828 1417 γὰρ
841 1337 868 1394 ἐν
881 1339 914 1416 τῇ
925 1333 1062 1416 εὖεργεοίφ
1075 1336 1179 1415 θαρρῶν
1193 1335 1241 1393 καὶ
1255 1335 1386 1414 σεμνυνό-

392 1454 468 1510 μενος
481 1431 512 1490 τὸ
530 1440 584 1490 πᾶν
607 1433 748 1490 οἰκειοῦται
764 1435 812 1502 τῆς
830 1429 964 1512 πράξεως,
978 1430 1049 1490 ibid.
1073 1443 1093 1490 t.
1112 1431 1169 1506 IV,
1186 1450 1215 1508 p.
1241 1433 1385 1500 243-244.

392 1530 482 1602 idem,
495 1530 514 1588 l.
527 1530 546 1588 l.
561 1549 589 1607 p.
607 1528 662 1588 501
678 1551 685 1586 ι
702 1530 737 1590 El
747 1527 775 1586 δὲ
788 1526 891 1600 αἴτησις
905 1525 946 1600 εἴη
961 1528 1068 1609 δωρεᾶς,
1082 1525 1126 1585 τὸν
1147 1526 1212 1585 ἴδιον
1227 1525 1286 1608 ὅρον
1299 1530 1313 1585 ὁ
1332 1549 1386 1586 κοι-

391 1625 512 1710 τήγορος,
525 1624 541 1684 ὅ
554 1627 611 1686 ἐστι
623 1623 688 1704 (ubi
711 1625 864 1704 legendum
878 1645 998 1699 censen,
1010 1625 1084 1684 sicut
1100 1624 1181 1702 apud
1196 1627 1294 1702 Sopat.
1315 1617 1386 1684 ibid.

393 1743 423 1801 p.
438 1732 519 1800 499,
536 1720 612 1800 ἤτοι)
623 1719 668 1780 τὸν
681 1720 848 1804 ἀνθορισμὸν,
858 1723 889 1782 ἐκ
901 1723 953 1780 τῶν
978 1723 1064 1802 ἑαυτῷ
1086 1718 1280 1803 πεπραγμένων
1304 1743 1389 1778 κοιτα-

395 1817 519 1878 σιιεύαοει
533 1815 732 1897 σεμνυνόμενος.

381 1977 383 1982 -
434 1934 509 1994 lbid.
518 1936 577 1993 Οὐκ
589 1933 638 1994 οίει
651 1932 713 2016 γὰρ,
727 1935 824 1994 εἰπεῖν.
837 1975 845 1991 .
858 1975 866 1990 .
879 1933 912 1992 ln
924 1917 1389 1996 Ms.=·07l<0lCll'Al³Cl-

395 2043 491 2121 ΡΙΝ.
511 2057 552 2118 Ea
575 2075 640 2134 quae
656 2056 740 2134 posui
761 2075 862 2114 sensus
883 2054 1048 2126 indicabam
1071 2075 1125 2114 nec
1142 2055 1250 2114 habere
1274 2056 1389 2115 videtur

396 2149 554 2241 quidquam
577 2160 655 2239 quod
676 2161 803 2220 ollendat
822 2162 903 2218 εἰπεῖν
929 2161 970 2220 sic
992 2161 1146 2239 repetitum
1171 2162 1389 2240 Aristotelisquc
1485 2158 1489 2164 ’

304 2247 306 2252 ’
395 2259 493 2318 verbis
504 2260 659 2326 insertum,
673 2257 819 2316 nonnullis
843 2258 907 2316 aliis
918 2256 1039 2324 vocibus
1058 2257 1255 2336 interpositis:
1267 2256 1314 2317 εἶτ’
1327 2258 1390 2337 Ἀρ-

395 2350 757 2434 τίμιδος-σεμνυνόμενον.
1094 2431 1095 2438 γ

437 2455 469 2512 V.
484 2474 511 2512 υ.
523 2449 600 2532 Ἔρις
611 2449 734 2530 γένηται.
746 2493 773 2509 ..
792 2452 865 2510 Cum
879 2449 1019 2510 sententia
1035 2447 1109 2508 bene
1126 2451 1261 2530 congruit
1272 2449 1390 2530 γένηται,

394 2550 475 2630 quod
496 2549 629 2607 facillime
651 2547 775 2626 spatium
792 2545 929 2605 admittit.
950 2547 984 2607 ln
1003 2547 1057 2605 Ms.
1075 2545 1156 2605 locus
1174 2547 1216 2605 sic
1232 2561 1389 2606 exaratur:

396 2648 837 2746 ενιοεινιιτκτωιν
860 2646 1028 2726 centn.

436 2789 471 2848 V.
489 2789 555 2864 8·9.
573 2786 629 2848 Καὶ
650 2788 785 2847 αὐτῶν...
809 2788 841 2846 ln
863 2789 937 2850 lisa
970 2773 1179 2858 KAMwN.
1208 2789 1317 2866 Scripsi
1345 2788 1391 2846 καί

397 2897 505 2967 αὐτῶν,
526 2893 606 2972 quod
630 2892 797 2971 requirebat
820 2913 930 2952 sensus.
957 2897 1092 2955 Occurrit
1116 2899 1225 2980 ὠφελεῖν
1246 2899 1276 2956 in
1299 2900 1390 2957 lsocr.

398 2994 498 3056 lleleu.
514 2993 633 3052 Encom.
646 2993 729 3064 xlll,
743 2991 788 3051 ed.
801 2993 920 3070 comp:
939 2990 987 3062 Ἐξ
1000 2983 1036 3054 ὧν
1052 2992 1161 3074 ἔμελλεν
1177 2997 1206 3054 οὗ
1224 2993 1284 3062 τοὺς
1298 2994 1392 3062 ἄλλους

397 3090 523 3173 ὠφελεῖν,
542 3087 601 3150 ἄλλ’
616 3085 693 3154 αὐτὸς
705 3085 891 3147 κινδυνεύσειν.

440 3189 475 3246 V.
493 3189 539 3249 13.
553 3184 606 3246 Ἐκ
621 3187 669 3257 τῆς
681 3184 777 3250 οἰκείας
787 3186 903 3266 φύσεως.
915 3229 943 3246 ..
963 3189 1007 3248 Cl'.
1028 3190 1133 3250 Jonnn.
1144 3190 1272 3249 Siceliot.
1288 3188 1387 3248 Schol.

399 3287 429 3346 in
444 3287 577 3362 llrrmog.
591 3285 634 3343 lle
645 3285 771 3358 Formis,
782 3284 813 3342 l:
828 3283 945 3344 Δυνατὸν
961 3283 1013 3366 γὰρ
1023 3284 1094 3346 κατὰ
1104 3287 1200 3347 ταύτὸν
1210 3285 1257 3346 καὶ
1273 3285 1321 3360 τὴν
1344 3288 1387 3345 ol-

399 3381 473 3440 κείαν
493 3376 570 3463 φύσιν
582 3377 693 3460 φυλάξει
710 3378 860 3462 ἐρρωμένην
872 3425 880 3454 ,
894 3377 940 3440 κοιλ
952 3380 1048 3450 τύπους
1065 3383 1190 3465 ἀρχαίους
1201 3386 1326 3456 ζηλῶσαι.
1338 3385 1392 3443 Rh.

401 3497 446 3556 gr.
459 3477 547 3538 Walz.
561 3489 581 3537 t.
594 3478 644 3552 Vl,
655 3496 684 3556 p.
695 3480 743 3550 76.

442 3576 476 3633 V.
493 3573 595 3642 14-18.
608 3571 891 3655 Προτρέπονται--διύ
897 3597 968 3640 τινας
977 3573 1087 3656 ψόγους.
1099 3618 1122 3637 ..
1134 3579 1279 3655 Doxopnt.
1290 3577 1393 3636 Prole-

400 3691 478 3750 gom.
501 3671 669 3732 rhetoric:
691 3674 725 3732 El
738 3671 789 3753 γὰρ
807 3671 871 3751 ἔργα
884 3675 1032 3755 ῥητορικῆς,
1054 3672 1210 3758 προτρέπειν
1231 3675 1279 3754 μὲν
1299 3674 1342 3734 ἐπὶ
1360 3675 1393 3734 τὸ

402 3767 502 3841 καλὸν,
516 3765 672 3849 ἀποτρέπειν
688 3767 715 3828 δὲ
734 3774 781 3827 τοῦ
795 3771 893 3838 κακοῦ,
910 3770 956 3829 καί
969 3780 1124 3854 κατηγορεῖν
1147 3771 1194 3852 μὲν
1208 3776 1261 3832 τῶν
1273 3771 1395 3831 ἀδικούν-

401 3889 465 3940 των,
482 3867 736 3946 ὑπεραπολογεῖοθαι
752 3863 780 3924 δὲ
798 3869 851 3926 τῶν
872 3868 1068 3948 ἀδικουμένων,
1087 3869 1132 3928 καὶ
1155 3867 1244 3952 ψέγειν
1265 3869 1313 3948 μέν
1334 3869 1396 3937 τοὺς

403 3963 531 4045 φαύλους,
544 3961 604 4030 τοὺς
615 3961 643 4021 δέ
656 3962 767 4041 ἀγαθοὺς
776 3963 861 4032 ἀξιοῦν
873 3965 1012 4044 ἐγκωμίων
1023 3968 1081 4026 κτλ.
1096 3968 1170 4027 lbid.
1180 3981 1198 4025 t.
1209 3969 1247 4043 ll,
1260 3990 1288 4048 p.
1297 3970 1393 4041 70.Cl.

402 4081 429 4139 p.
447 4063 499 4133 733
519 4081 565 4132 77.
584 4059 674 4132 idem,
687 4061 791 4120 llomil.
804 4063 833 4120 in
846 4064 1012 4142 Aphthon.:
1035 4065 1114 4143 Φημί
1131 4065 1158 4123 δὲ
1173 4067 1258 4125 διὰτὸ
1277 4069 1329 4124 τῶν
1345 4090 1395 4126 νωι-
