3174 5284
396 512 462 586 138
706 511 1066 586 Auuotnuouus

391 698 456 758 ope,
470 679 515 738 vel
530 678 629 758 pueris
644 676 782 736 traditum
797 677 835 736 iri
845 677 1042 736 inventionem
1057 690 1294 756 argumentorum
1310 699 1387 742 cou-

389 776 569 835 venientium
581 776 612 834 in
625 775 800 834 rhetoricis»
814 821 823 854 ,
837 774 889 833 ubi
903 777 1000 835 omnia
1012 777 1166 836 cohaerent.

423 891 574 968 ‚Equidem
588 911 692 968 parum
708 891 824 952 conlido
836 912 871 950 ea
882 893 1000 950 erudito
1016 892 1118 952 lectori
1137 911 1198 951 esse
1212 893 1324 952 factura
1337 913 1386 952 sa-

389 989 443 1060 tis,
460 987 520 1046 haec
541 999 637 1046 autern
649 988 690 1046 sic
708 988 794 1066 posui
814 1000 901 1066 atque
919 989 1125 1068 interpretatus
1136 990 1385 1066 sum3quiamul·

388 1096 449 1143 tum
461 1085 600 1162 cogitanti
616 1085 687 1143 mihi
704 1085 778 1143 nihil
795 1085 875 1146 aliud
894 1085 1071 1144 occurrebat
1082 1085 1305 1164 praeferendum.

426 1197 460 1256 V.
472 1201 573 1257 22-23.
586 1195 655 1280 Περὶ
667 1200 720 1256 τῶν
732 1200 856 1258 θετικῶν.
869 1241 892 1258 ..
913 1197 957 1260 Τὰ
970 1197 1060 1260 θετικά
1072 1199 1112 1258 sic
1124 1199 1202 1260 diota
1216 1213 1313 1260 sunta
1326 1199 1384 1262 Θέ-

386 1317 447 1370 σις,
468 1295 588 1374 quaestio
609 1295 724 1353 inlinita
740 1307 770 1354 et
782 1295 968 1367 universalis,
983 1307 1016 1353 ut
1029 1295 1065 1355 de
1080 1294 1167 1356 rebus
1178 1295 1264 1356 bonis
1279 1309 1308 1356 et
1321 1317 1383 1358 ma·

385 1389 431 1466 lis,
447 1392 483 1451 de
495 1393 607 1471 justitia
620 1405 650 1450 et
662 1391 819 1470 injustitia,
844 1393 881 1451 de
903 1393 995 1470 gloria
1016 1406 1093 1464 etc.;
1116 1394 1163 1451 cni
1179 1394 1325 1453 contraria
1339 1408 1383 1454 est

384 1488 521 1564 ὑπόθεσις,
538 1490 658 1568 quaestio
672 1491 763 1566 linita,
776 1491 812 1550 de
824 1491 910 1548 certis
924 1489 1021 1562 rebus,
1037 1510 1103 1567 quae
1117 1489 1153 1548 nd
1172 1503 1265 1550 certas
1283 1511 1383 1570 perso-

382 1605 455 1657 nas,
488 1589 601 1663 locum,
642 1607 760 1662 causas,
795 1599 926 1665 tempora
958 1587 1090 1646 refertur.
1128 1588 1251 1647 Ernesti.
1284 1588 1381 1647 Lexic.

383 1684 524 1744 Technol.
537 1705 577 1763 gr.
590 1685 643 1744 Rh.
662 1706 692 1763 p.
713 1684 768 1743 156
780 1708 787 1742 :
812 1711 823 1736 α
836 1685 890 1743 Illa
912 1697 955 1742 est
966 1684 1228 1764 pbilosophorum,
1241 1685 1301 1743 haec
1313 1705 1382 1744 ora-

383 1792 489 1839 torum.
512 1782 575 1840 Vid.
595 1786 704 1840 Sturm.
725 1782 763 1840 ad
781 1785 919 1861 Hermog.
942 1781 1026 1842 Στάσ.
1039 1803 1068 1861 p.
1091 1802 1126 1839 ιο
1143 1795 1173 1840 et
1194 1801 1266 1839 11.»
1283 1782 1380 1860 Idem,

380 1878 411 1934 in
432 1897 494 1936 voc.
514 1875 668 1949 Ὑπόθεσις,
687 1899 715 1956 p.
733 1879 813 1946 3611
836 1875 1009 1944 «Ὑπόθεσις.
1022 1922 1050 1938 ..
1072 1867 1281 1956 quaestiofinita
1292 1877 1380 1939 rebus

382 1987 412 2032 et
430 1976 577 2052 personis,
605 1975 698 2052 qualis
718 1976 750 2032 in
770 1974 953 2034 orationibus
975 1975 1140 2035 forensibus
1163 1977 1322 2055 requiritur
1329 1990 1380 2053 ,et

382 2074 519 2152 opposita
535 2084 579 2131 est
599 2075 632 2153 τῇ
650 2071 734 2148 θέσει,
747 2093 812 2151 quae
825 2073 1003 2152 est1quaesti0
1022 2075 1173 2134 indelinita
1186 2087 1215 2132 et
1226 2075 1378 2136 universa-

381 2171 433 2246 lis,
453 2170 536 2248 cujus
557 2170 618 2229 vim
645 2183 674 2229 et
704 2169 832 2228 indolem
857 2172 1013 2249 separatim
1035 2191 1088 2230 suo
1120 2171 1185 2230 loco
1213 2169 1378 2232 deelaravi-

380 2291 485 2330 mus.»
506 2277 649 2347 Anonym.
670 2269 765 2329 Schol.
785 2269 815 2326 in
833 2269 997 2348 Aphthon,
1023 2269 1079 2328 Rh.
1099 2289 1142 2348 gr.
1164 2270 1277 2345 Walz.,
1297 2275 1378 2346 t.11,

378 2389 408 2448 p.
429 2369 487 2427 65:
502 2365 646 2433 ’Ὑπόθεσές
665 2368 722 2425 ἔστι
734 2364 842 2438 ζήτησις
855 2364 979 2438 πολιτικὴ
1003 2366 1043 2448 ἐρ’
1053 2364 1207 2449 ὡρισμένων
1228 2365 1377 2446 προσώπων

378 2465 423 2524 καὶ
451 2464 616 2548 πραγμάτων
636 2461 685 2536 τὴν
707 2461 904 2544 ἀμρισὸήτησιν
935 2461 1049 2543 ἔχουσα,
1068 2461 1113 2521 καὶ
1142 2463 1292 2522 ἀπαιτοῦσά
1317 2487 1378 2523 τινα

377 2560 451 2644 παρθι
468 2564 521 2621 τῶν
538 2559 686 2620 ἀκουόντων
707 2561 775 2638 μετὰ
792 2559 836 2620 τὸν
857 2556 934 2638 λόγον
959 2559 1099 2641 ἐνέργειαν.
1130 2557 1218 2637 Apud
1238 2559 1377 2631 Quinctil.

376 2662 436 2735 ΙΙΙ,
450 2662 485 2730 5,
511 2658 594 2727 θέσεις
613 2673 755 2718 vocantur
768 2662 889 2737 infinitae
902 2665 1086 2734 quoeru'ones,
1101 2677 1165 2735 quae
1180 2657 1299 2716 remotis
1310 2678 1378 2738 per-

376 2758 466 2830 sonis,
481 2756 672 2836 temporibus,
684 2757 754 2815 locis
763 2757 931 2834 caeterisque
940 2755 1093 2833 similibus,
1105 2755 1135 2814 in
1143 2769 1296 2834 utramque
1306 2777 1378 2835 par—

377 2867 433 2914 tern
445 2867 613 2915 tractantur.
623 2854 792 2931 Suntigitur
801 2851 835 2911 τὰ
843 2852 942 2933 θετικά,
953 2853 1064 2928 infinito
1067 2875 1079 2925 ,·
1088 2852 1166 2931 quod
1174 2855 1289 2911 firmant
1296 2855 1377 2914 Mar-

377 2953 471 3012 cellin.
480 2953 577 3012 Schol.
589 2953 621 3010 in
631 2953 768 3028 Hermog.
778 2951 822 3010 De
831 2949 976 3010 statibus:
987 2947 1156 3028 Σημειωτέον
1167 2948 1378 3020 ῶςέξετάζοντας

375 3049 421 3110 τὸν
431 3051 545 3111 πλοῦτον
553 3049 598 3109 καὶ
608 3045 642 3107 τὰ
650 3047 728 3120 ἄλλα,
739 3049 778 3106 δεῖ
784 3045 831 3115 τὰς
840 3046 1004 3115 κατασκευὰς
1012 3048 1098 3106 αὐτῶν
1106 3046 1248 3113 καθολικὰς
1254 3037 1321 3107 εἶναι
1328 3047 1376 3108 καὶ

375 3147 471 3231 τρόπον
485 3147 545 3208 τινὰ
556 3145 668 3215 θετικάς.
686 3147 739 3205 lth.
753 3165 795 3224 gr.
809 3146 902 3205 Wulz.
920 3158 940 3205 t.
955 3146 1002 3221 lV,
1016 3165 1045 3223 p.
1060 3144 1132 3219 352,
1146 3146 1260 3222 Syrian.
1275 3145 1373 3206 Schol-

374 3249 405 3306 in
419 3248 555 3324 Hermog.
568 3247 612 3304 De
623 3243 773 3304 statibus:
796 3242 990 3322 Συστησόμεθα
1007 3239 1035 3300 δὲ
1053 3245 1131 3301 τοῦτο
1151 3245 1259 3310 θετικῶς
1274 3241 1369 3324 λέγον-

373 3365 425 3417 τες,
440 3341 482 3402 ὅτι
495 3350 569 3402 πᾶσα
582 3340 674 3424 πρᾶξις
687 3343 718 3400 ἐκ
728 3344 776 3413 τῆς
786 3337 965 3422 προαιρέσεως
976 3337 1155 3418 δοκιμάζεται.
1173 3339 1364 3418 1111111666.

371 3438 597 3517 Georg-Pletho,
609 3439 757 3498 Rhetorio.
770 3437 946 3516 compend:
958 3433 1050 3498 Koloi
1061 3434 1108 3514 μὲν
1117 3438 1213 3496 οἰκεῖον
1223 3433 1370 3518 κεφάλαιον

372 3537 411 3596 δεῖ
428 3537 535 3602 θετικῶς
547 3534 660 3614 εἰσάγειν
675 3534 721 3594 τὸν
733 3531 914 3616 ῥητορεύοντα.
931 3532 1004 3592 lbid.
1022 3545 1042 3591 t.
1053 3533 1108 3604 Vl,
1121 3553 1151 3611 p.
1166 3532 1231 3592 556.
1255 3529 1370 3594 Θετικθν

370 3628 513 3714 κεφάλαιον
527 3631 605 3690 idern
621 3628 774 3709 essequod
789 3627 871 3695 Θέσις
882 3617 962 3708 patet
976 3647 1013 3688 ex
1024 3629 1137 3688 Theon.
1148 3630 1370 3706 l'rogymnasm.

371 3731 389 3788 l.
402 3730 434 3807 l.,
446 3740 466 3790 t.
476 3730 538 3806 l,p.
554 3728 608 3786 166
620 3751 627 3786 :
642 3725 723 3787 Ἔστι
738 3725 765 3784 δὲ
777 3725 822 3784 καὶ
835 3727 862 3784 έν
874 3724 978 3807 ἑκάστῳ
991 3724 1062 3806 λόγῳ
1074 3728 1156 3807 εὑρεῖν
1169 3725 1270 3785 terralo
1282 3724 1370 3808 κερά-

368 3827 452 3886 λαιον·
465 3815 519 3885 οἷον
532 3827 558 3884 ἐν
571 3828 609 3906 τῷ
623 3822 806 3902 Δημοσθένους
820 3821 889 3882 κατὰ
907 3822 1050 3905 Ὀνήτορος
1064 3820 1170 3895 ἐξούλης
1183 3823 1205 3881 εἰ
1220 3823 1326 3895 ἀληθεῖς
1339 3825 1371 3882 ul

369 3922 494 4002 βάσανοι,
510 3919 556 3980 καὶ
579 3923 605 3980 ἐν
626 3925 664 4002 τῷ
676 3919 749 4001 παρὰ
770 3918 887 4000 Αἰσχίνῃ
901 3918 971 3978 κατὰ
990 3917 1152 4000 Τιμάρχου,
1172 3919 1195 3978 εἰ
1216 3920 1322 3992 ἀληθεῖς
1337 3921 1368 3978 αἱ

367 4021 464 4099 φῆμαι,
476 4016 523 4078 καὶ
541 4015 610 4076 ἄλλα
623 4015 741 4076 ἄλλοθεν.

407 4120 475 4178 ΙΙοεο
493 4117 598 4176 Noster
622 4113 691 4172 dioit
705 4116 734 4172 in
759 4115 918 4174 Aristotelis
944 4117 1022 4174 locos
1038 4134 1212 4174 communes.
1239 4115 1284 4176 Ad
1299 4133 1362 4175 rem
