3198 5288
360 549 388 604 X

357 703 430 772 rios
483 699 693 772 addiderant
737 701 972 772 Callisthenes
1013 700 1113 796 (34),
1154 705 1349 773 Democra-

357 983 540 1063 προσόψοοσιν
563 983 696 1066 ἐπαίνους·
711 985 735 1041 οἱ
760 982 789 1041 δὲ
811 985 847 1050 ὥς
856 981 1045 1063 πραγματικὴν
1065 981 1134 1042 ιιατθι
1148 982 1347 1066 eppesteim

358 1077 525 1139 ἐπαινέσουσι
544 1084 592 1158 μὲν
608 1080 654 1140 καί
669 1079 715 1139 τὸν
734 1078 839 1161 ἕτερον,
860 1079 967 1146 ἑαυτοὺς
989 1079 1018 1138 δὲ
1044 1081 1146 1158 μᾶλλον
1163 1079 1346 1153 συατήσουσιν.

359 1178 412 1236 Rh.
428 1198 469 1254 gr.
490 1181 581 1238 Walz.
598 1193 617 1238 t.
634 1180 682 1250 lv,
697 1199 727 1256 p.
746 1178 888 1251 567-568.
902 1179 947 1236 Cf.
962 1179 1033 1237 ibid.
1053 1200 1082 1258 p.
1095 1199 1169 1251 72¹3
1187 1181 1263 1240 Max.
1278 1181 1347 1240 Pla-

358 1274 428 1331 nud.
443 1276 540 1334 Schol.
559 1277 589 1334 in
611 1281 749 1352 Hermog.
768 1277 809 1332 lle
823 1279 919 1334 Form.
935 1276 971 1344 ll,
983 1275 1053 1333 ibid.
1072 1289 1091 1333 t.
1106 1277 1140 1348 V,
1159 1297 1186 1352 p.
1204 1276 1345 1344 sat-524.

357 1375 503 1448 Anonym.
528 1374 625 1433 Schol.
648 1375 677 1431 in
702 1375 837 1449 Hermog.
864 1375 907 1430 De
932 1375 1111 1432 luventh:
1130 1372 1278 1454 θΚέραλος
1302 1373 1346 1431 καὶ

359 1467 517 1550 Ἀριστοφῶν
539 1469 659 1552 ῥήτορες
671 1469 770 1529 τούτων
788 1469 910 1551 ἑκάτερος
924 1469 954 1527 τὸ
970 1469 1018 1548 μίν
1035 1472 1128 1530 οἰκεῖον
1145 1469 1198 1528 ἀπὸ
1208 1473 1261 1529 τῶν
1272 1473 1346 1548 ἔγκο-

359 1569 506 1639 μιοιστικῶν
519 1569 620 1624 ἐπαινεῖ
632 1565 729 1624 τόπων·
743 1565 774 1624 τὸ
787 1565 815 1623 δέ
823 1571 868 1624 τοῦ
882 1563 971 1647 ἐτέρου
986 1565 1090 1626 ἀπὸτοῦ
1102 1564 1184 1648 ψόγου
1193 1566 1344 1626 διαόοίλλει·

358 1661 505 1741 κρινόμενοι
515 1663 636 1736 δηλόνοτι
646 1661 708 1746 περὶ
718 1664 799 1726 καλοῦ
813 1662 870 1742 βίου
879 1663 976 1746 γέρως,
987 1663 1101 1747 καὶπερὶ
1112 1663 1206 1724 τούτου
1214 1664 1346 1746 ἄμρισὸη-

354 1763 459 1826 roheis<
471 1760 594 1832 ἀλλήλοις
605 1759 650 1820 καὶ
663 1759 872 1838 δοκιμαζόμενοι.
886 1763 917 1820 L.
936 1763 956 1820 l.
970 1775 1039 1820 tom.
1051 1764 1114 1830 Vll,
1127 1783 1155 1840 p.
1170 1765 1237 1821 860.

299 1869 301 1874 ’
396 1857 479 1915 Nunc
501 1859 583 1916 venio
596 1857 633 1914 ad
644 1859 737 1916 locum
752 1857 848 1916 Suidae
859 1877 945 1934 quem
957 1859 1026 1918 citat
1036 1859 1148 1918 Ruhnk.
1161 1879 1190 1937 p.
1205 1861 1285 1919 XLl:
1298 1859 1349 1920 Κέ-

355 1957 450 2036 φαλος,
466 1954 617 2028 Ἀθηναῖος,
639 1953 727 2036 ῥήτωρ
747 1954 793 2013 καί
817 1953 991 2032 δημαγωγὸς,
1005 1953 1032 2020 te
1047 1959 1151 2037 πρῶτος
1163 1956 1294 2037 προοίμια
1302 1957 1346 2015 καί

354 2053 491 2130 ἐπιλόγους
501 2050 663 2111 συντέθεικε·
679 2050 770 2131 γέγονε
784 2050 813 2110 δὲ
826 2051 871 2110 ε’πί
882 2055 930 2124 τῆς
945 2051 1082 2134 ἀναρχίας.
1098 2050 1220 2133 Κέφαλος
1236 2051 1263 2112 δέ
1274 2045 1347 2121 οὗτος

352 2150 417 2230 ἔσχε
442 2149 571 2232 θυγατέρα
584 2147 632 2222 τὴν
648 2148 727 2220 Olus.
753 2150 846 2220 Quam
869 2150 1022 2208 lectionem
1042 2171 1101 2208 non
1120 2169 1216 2208 sanam
1235 2170 1271 2207 ex
1294 2152 1346 2208 llls.

351 2251 430 2322 Pan,
444 2250 569 2327 primum
583 2248 712 2306 intulisse
723 2251 878 2308 Kiisterum
892 2261 990 2306 monet
1003 2249 1134 2325 Spengel.
1151 2246 1347 2326 Συναγωγὴτε-

353 2347 433 2424 χνῶν,
446 2366 475 2423 p.
491 2345 555 2416 105,
584 2345 746 2422 diserteque
766 2344 853 2403 tradit
869 2345 995 2420 reliquos
1007 2341 1097 2402 libros
1113 2343 1213 2400 melius
1224 2343 1344 2402 habere:

352 2442 443 2520 γέγονε
457 2441 485 2500 δὲ
505 2441 615 2522 πρὸτῆς
627 2439 755 2522 ἀναρχίας
766 2438 813 2500 σε’.
828 2442 913 2513 Quod
928 2443 951 2499 si
970 2461 1038 2500 vera
1050 2453 1124 2500 esset
1144 2441 1226 2519 prior
1241 2441 1345 2515 lectio,

352 2539 555 2616 prooemiorum
575 2551 604 2596 et
630 2539 810 2615 epilogorum
833 2539 963 2596 tractatio
977 2559 1039 2596 non·
1057 2538 1158 2615 primis
1179 2537 1346 2596 Rhetorices

352 2634 538 2712 temporibus,
555 2634 605 2691 sed
629 2655 720 2710 quum
740 2636 861 2694 multum
886 2648 960 2694 esset
984 2648 1011 2692 et
1032 2636 1063 2692 in
1079 2635 1142 2694 loro
1159 2636 1234 2693 etin
1250 2637 1346 2696 schola

352 2744 483 2803 versata,
500 2751 560 2788 non
586 2742 651 2788 ante
671 2731 788 2810 triginta
806 2733 904 2802 viros,
929 2744 991 2788 erat
1010 2731 1183 2808 reponenda.
1209 2731 1346 2808 Ejusdem

351 2829 448 2887 Suidae
459 2830 489 2885 in
504 2848 568 2886 voc.
580 2827 646 2904 ἅμα,
661 2825 813 2901 αἰσθέσθαι,
828 2825 973 2908 μοχθηρός,
986 2829 1154 2886 auctoritate
1162 2829 1252 2887 fretus
1266 2829 1346 2888 addit

350 2926 475 3002 Spengel
506 2925 562 2982 alia
589 2923 695 3000 quibus
717 2925 810 2982 elucet
830 2925 946 2983 Kiisteri
969 2925 1120 2982 lectionem
1146 2925 1244 2983 falsam
1272 2945 1343 2997 esse,

349 3037 437 3100 atque
451 3023 657 3100 Antiphontem
672 3035 825 3096 oratorem,
844 3035 911 3080 ante
933 3023 1083 3082 Anarchiae
1099 3035 1211 3100 tempus
1231 3022 1267 3080 ad
1277 3042 1345 3099 sup-

352 3122 467 3201 plicium
479 3122 586 3194 datum,
598 3123 737 3199 prooemia
748 3134 777 3179 et
787 3122 916 3199 epilogos
937 3122 1092 3198 scripsisse.
1118 3123 1185 3180 Haec
1204 3120 1229 3178 si
1243 3121 1344 3198 proba·

351 3219 421 3277 bilia
451 3219 618 3286 habentur,
646 3233 680 3276 ut
700 3239 754 3296 ego
781 3239 904 3293 censeo,
925 3217 1093 3276 scribendus
1116 3217 1211 3278 Suidae
1248 3219 1342 3276 locus:

350 3316 441 3395 γέγονε
452 3315 482 3375 δὲ
499 3315 552 3398 πρὸ
566 3319 614 3388 τῆς
628 3315 754 3397 ἀναρχίας
765 3319 816 3386 σε’,
829 3316 859 3373 id
875 3316 953 3393 quod
972 3315 1038 3373 fecit
1052 3318 1269 3388 Westermann„
1283 3317 1343 3374 Ge·

349 3414 479 3472 schichte
490 3413 541 3472 der
552 3413 763 3472 Beredsamlteit
776 3414 806 3471 in
822 3413 1033 3472 Griechenland
1047 3413 1107 3469 und
1118 3412 1211 3486 llum,
1221 3415 1305 3472 Tom.
1318 3414 1342 3481 l,

351 3513 427 3587 §68‚
444 3532 474 3588 p.
494 3521 558 3583 141,
573 3525 632 3570 not.
648 3521 695 3580 ιθ.
1328 3529 1332 3536 “

393 3608 454 3686 (33)
478 3609 588 3666 Ruhnk.
613 3608 648 3666 ad
666 3611 699 3668 P.
719 3608 805 3667 Rutil.
826 3609 953 3686 Lupum,
978 3629 1007 3686 p.
1033 3629 1105 3684 7-9‚
1133 3607 1343 3665 accuratissime
1403 3592 1405 3596 ¹

350 3718 480 3762 versatur
495 3705 525 3762 in
546 3706 715 3763 illustranda
738 3705 925 3764 Democharis
944 3706 1073 3764 historia.
1095 3705 1265 3763 Orationum
1285 3704 1343 3762 fra—

352 3814 465 3879 gmenta
486 3801 574 3859 habet
593 3803 625 3861 P.
652 3803 719 3862 Rut.
739 3803 825 3880 Lup.,
844 3823 874 3879 p.
900 3824 915 3874 7
942 3817 971 3860 et
989 3805 1036 3862 66.
1052 3801 1210 3860 historicus
1227 3821 1342 3878 quoque

350 3899 468 3977 insignis
491 3899 561 3970 fuit;
586 3899 644 3958 Cic.
673 3900 754 3956 Brut.
774 3900 920 3960 LXXXlll
943 3922 951 3957 τ
974 3901 1187 3958 «Demochares
1194 3941 1283 3957 .....
1314 3911 1342 3955 et

351 3997 515 4055 «orationes
537 3996 650 4072 scripsit
664 3997 787 4072 aliquot3
813 4008 841 4053 et
862 4017 1072 4055 rerumrerum
1095 3997 1256 4067 historiam,
1278 4016 1343 4072 quae

351 4122 362 4146 ο
375 4106 455 4151 erant
470 4093 589 4152 Athenis
609 4094 698 4170 ipsius
721 4107 802 4152 aetate
824 4107 923 4172 gestae,
938 4116 996 4152 non
1015 4107 1071 4152 tam
1088 4095 1239 4165 historico,
1254 4113 1338 4169 quam

352 4215 363 4240 ι
377 4185 1340 4266 oratoriogenereperscripsit.nFragmentumsuperestapudhthen.
