3198 5288
1169 657 1211 712 XI

221 821 274 876 tes
286 804 363 901 (35)
374 859 384 889 ‚
395 801 595 900 Ephialtes,
612 807 751 873 Damon
765 818 800 873 et
817 791 958 875 Demon
974 751 1068 899 (36),
1085 807 1212 875 Timar·

219 1013 272 1087 Vl,
282 1031 312 1088 p.
324 1011 392 1080 252,
405 1010 436 1081 F,
446 1005 691 1088 ειμγ.;Δημαχάρης
700 1013 763 1085 γοῦν
775 1011 842 1066 θεοῦ
854 1005 1038 1084 Δημοσθένους
1044 1013 1092 1066 τοῦ
1106 1007 1213 1090 ῥήτορος

219 1105 322 1187 ἀνεψιὸς
331 1106 358 1164 ἐν
372 1107 521 1185 τῇεθιοστῇ
535 1107 588 1162 τῶν
599 1107 721 1183 ἱστοριῶν
737 1103 907 1183 διηγούμενος
917 1103 979 1185 περὶ
990 1095 1021 1176 ἧς
1036 1107 1172 1166 ἐποιοῦντο
1188 1110 1212 1165 οἱ

154 1214 160 1225 ’
217 1200 577 1284 ’Δθηναῖοικολακείας,προ’ς
585 1199 665 1260 τετδν
676 1201 859 1284 Πολιορκητὴν
867 1201 1032 1284 Δημήτριον,
1041 1202 1088 1262 καὶ
1096 1200 1213 1262 δτιτοῦτ’

218 1301 267 1359 οὔκ
276 1291 309 1371 ἧν
319 1298 410 1381 ἐκείνῳ
423 1301 591 1380 βουλομένῳ,
604 1298 698 1379 γράρει
707 1297 799 1365 οὕτως.
811 1297 924 1358 Ἐλύπει
931 1299 980 1378 μὲν
991 1299 1037 1360 καλ
1049 1298 1148 1359 τούτων
1156 1298 1212 1359 ἔνια

220 1396 308 1470 αὐτὸν,
315 1399 351 1463 ῶς
359 1394 452 1469 ἔοικεν,
461 1398 490 1455 οὐ
499 1393 552 1474 μὴν
559 1393 629 1454 ἀλλὰ
640 1393 684 1453 καλ
697 1393 767 1454 ἄλλα
778 1417 808 1473 γε
817 1398 954 1463 παντελῶς
961 1395 1061 1478 αἰσχρὰ
1068 1395 1114 1458 καὶ
1122 1419 1212 1455 ταπει-

217 1493 318 1563 νά..,....
331 1493 395 1576 puel
411 1500 471 1572 γοῦν
485 1496 499 1550 θ
511 1492 675 1578 Δημοχάρης
689 1493 717 1552 ἐν
733 1496 767 1572 τῇ
785 1491 878 1574 πρώτη
902 1494 948 1553 καλ
967 1495 1072 1574 εἰκοστῇ
1094 1496 1212 1574 γράφων,

218 1587 394 1650 ἐπανελθόντα
408 1587 437 1647 δὲ
448 1588 492 1649 τὸν
507 1588 662 1670 Δημήτριον
683 1587 737 1648 ἀπὸ
755 1591 803 1660 τῆς
814 1587 947 1654 Λευκάδος
961 1589 1005 1647 καλ
1019 1587 1157 1670 Κερκύρας
1177 1591 1213 1655 εἰς
1248 1617 1251 1628 ·

216 1683 263 1751 τδς
272 1683 395 1759 Ἀθήνας,
406 1685 430 1744 οἱ
443 1685 575 1756 Ἀθηναῖοι
591 1685 725 1764 ἐδέχοντο,
744 1685 773 1743 οὗ
796 1683 874 1762 μόνον
893 1687 1035 1762 θυμιῶντες
1050 1683 1096 1744 καλ
1111 1706 1211 1764 στεφα-

217 1787 319 1848 νοῦντες
333 1781 379 1840 καὶ
392 1783 585 1864 οἰνοχοοῦντες,
597 1779 723 1840 ἀλλὰκαὶ
735 1779 864 1863 προσόδια
875 1780 921 1839 καλ
931 1779 1006 1861 χοροὶ
1016 1779 1064 1841 καλ
1074 1779 1201 1863 Ιθάραλλο

218 1878 274 1954 μετ’
288 1879 421 1960 ὀρχήσεως
444 1883 492 1950 τῆς
505 1880 574 1960 ᾠδῆς
586 1878 710 1951 ἀπήντων
727 1880 810 1960 αὐτῷ,
827 1877 874 1937 καλ
888 1876 1059 1961 ἐφιστάμενοι
1070 1876 1140 1936 κατθ
1153 1877 1213 1946 τοὺς

216 1975 309 2054 ὄχλους
319 1967 382 2054 ᾖδον
397 1976 552 2060 ὀρχούμενοι
562 1976 609 2036 καλ
625 1975 780 2060 ἐπᾴδοντες,
794 1979 829 2045 ῶς
843 1975 883 2050 εἴη
897 1975 974 2056 μόνος
987 1975 1055 2042 Θεὸς
1068 1975 1189 2048 ἀληθινὸς
1204 2023 1211 2049 ,

216 2075 239 2130 οἱ
255 2073 279 2131 δ’
290 2073 367 2133 ἄλλοι
378 2073 558 2150 καθεύδουσιν,
571 2074 589 2147 ἢ
610 2074 831 2153 άπαδημοῦσιν,ἢ
846 2077 895 2134 οὐκ
911 2074 986 2134 εἰσίν.
1004 2073 1122 2154 Γεγονὼς
1134 2074 1157 2132 δ’
1171 2072 1211 2144 εἴη

220 2172 250 2228 ἐκ
259 2172 426 2239 Ποσειδῶνος
436 2171 483 2230 καλ
497 2171 664 2254 Ἀρροδίτηςξ·
676 2176 715 2254 τῷ
736 2171 764 2230 δὲ
777 2171 871 2231 κάλλει
887 2172 1025 2254 διάφορος,
1036 2170 1082 2231 καὶ
1097 2175 1131 2251 τῇ
1148 2169 1212 2253 πρδς

218 2268 317 2336 πάντας
334 2269 518 2352 φιλανθρωπίᾳ
535 2268 629 2337 καινάς.
653 2269 780 2349 Δεόμενοι
794 2269 817 2329 δ’
829 2271 910 2330 αὐτοῦ
926 2267 1052 2343 ἱκέτευον,
1071 2268 1149 2351 φησὶ,
1165 2268 1210 2328 καὶ
1300 2271 1302 2276 ’

217 2365 409 2446 προσηύχοντο.

253 2461 316 2540 (34)
337 2464 417 2522 Unus
436 2463 523 2520 exiis
540 2483 612 2540 quos
632 2463 687 2521 sibi
699 2461 845 2520 dedendos
866 2461 1023 2539 postulavit
1039 2459 1211 2533 Alexander,

215 2559 358 2621 Plutarch.
373 2560 403 2617 in
418 2562 500 2620 Dem.
528 2561 632 2621 XXlIl.
644 2560 726 2618 Hunc
745 2559 870 2636 maligno
893 2557 978 2615 dente
991 2569 1113 2634 carpunt
1124 2556 1210 2617 Anti-

215 2655 322 2732 phanes
340 2669 369 2714 et
385 2656 543 2728 Timeles,
564 2656 641 2733 apud
655 2655 759 2715 Athen.
773 2656 851 2725 vul,
869 2675 899 2732 p.
920 2643 990 2732 338,
1007 2659 1044 2712 F:
1058 2651 1212 2735 Ἀντιφάνης

214 2751 238 2806 δ’
253 2753 280 2809 ἐν
293 2750 462 2832 Ἁλιευομένῃ
482 2749 656 2833 φιληδοῦντάς
669 2775 741 2818 τινας
754 2749 910 2829 καταλέγων
927 2747 1016 2831 ἰχθύσι
1029 2749 1106 2830 φησί·

385 2981 460 3042 Ὺμᾶς
469 2981 490 3028 δ’
501 2979 570 3034 ἔταξα
580 2981 647 3044 δεῦρο
656 2980 714 3044 πρὸς
723 2979 754 3027 τὰ
764 2979 836 3040 δεξιὰ,

386 3060 485 3124 Τρίγλας
498 3059 585 3122 ἔδεσμα
594 3065 638 3108 τοῦ
648 3061 721 3108 καλοῦ
730 3058 901 3113 Καλλισθένους
915 3072 920 3082 “

387 3138 512 3187 Κατεσθίει
524 3143 579 3200 γοῦν
589 3139 627 3188 ἐπὶ
637 3143 680 3202 μιᾷ
689 3139 732 3196 την
744 3138 836 3188 οὐσίαν.

215 3247 355 3321 Pag341,
364 3244 459 3304 F2Kel
466 3243 608 3326 Ὑπερίδης
614 3243 756 3326 δὲδρήτωρ
766 3243 898 3326 ὀψοφάγος
909 3233 993 3317 {hudhe
1000 3266 1065 3324 ρησι
1074 3245 1210 3321 Τιμοκλῆς

214 3339 357 3418 ὁκωμικδς
378 3343 405 3398 ἐν
419 3340 517 3422 Δήλῳ,
533 3339 704 3422 διηγούμενος
725 3339 786 3407 τοὺς
804 3339 879 3422 παρθ
903 3338 1036 3422 Ἁρπάλου
1059 3339 1210 3422 δωροδοκή-

214 3459 323 3504 σαντας·
341 3437 435 3519 γράφει
448 3437 476 3494 δὲ
489 3435 587 3505 οὕτως·

385 3632 432 3679 Καὶ
449 3631 586 3695 Μητροκλῆς
595 3629 673 3692 εἴληφε
683 3630 779 3695 χρυσίον
789 3632 857 3681 πολύ.
950 3599 955 3612 -
971 3661 979 3670 =

382 3710 488 3770 Ἀνόητος
499 3710 607 3772 ὁδιδοὺς,
619 3711 716 3774 εὐτυχὴς
728 3713 749 3760 δ’
760 3712 912 3775 ὁλαμὸάνων.

384 3789 472 3852 Εῐληφε
480 3789 520 3837 καὶ
537 3791 625 3853 Δήμων
634 3806 660 3839 τε
676 3791 718 3838 καὶ
730 3791 897 3850 Καλλισθένης.

385 3869 486 3927 Πέυητες
502 3869 573 3929 ἦσαν,
586 3871 649 3918 ὥστε
661 3870 802 3933 συγγνώμην
811 3870 868 3934 ἔχω.

257 3992 317 4070 (35)
338 3993 516 4051 Democratis
524 3993 697 4051 mentionem
710 3993 775 4051 lacit
786 3995 867 4052 llem.
880 3999 924 4052 De
936 3995 1000 4053 Cor.
1014 4001 1028 4066 ς
1041 4015 1088 4070 29,
1099 4013 1128 4071 p.
1141 3993 1208 4061 2353

216 4087 232 4160 §
253 4087 322 4160 187,
339 4105 403 4163 pag.
423 4105 489 4161 291.
512 4086 604 4164 Hujus
626 4085 733 4145 dictum
753 4088 782 4143 in
808 4087 949 4145 Rhetores
968 4087 1065 4144 laudat
1090 4089 1207 4144 Ariston

217 4183 298 4240 Rhet.
318 4183 381 4256 ΙΙΙ,
404 4191 418 4251 l
434 4182 655 4263 εθΔημυκράτης
668 4183 758 4242 εἴκασε
778 4181 836 4250 τοὺς
851 4182 961 4263 ῥήτορας
979 4189 1036 4247 ταῖς
1054 4181 1166 4254 τίτθαις,
1182 4184 1209 4242 αἳ

613 4700 621 4719 ’
737 4744 820 4799 ἡ

819 4888 1220 5250 1
