3198 5288
1047 543 1172 602 ‘XXXV

237 696 449 783 Alcidamas,
472 699 649 768 intereos
674 687 908 768 coltocandus
933 693 998 788 qui
1025 691 1071 772 de
1097 709 1173 768 arte

182 809 436 887 benedicendi
453 822 631 908 praecepta
650 807 877 904 reliquerunt
890 806 981 902 (so),
999 809 1174 900 orationis

182 942 302 1025 portes
337 939 496 1022 quatuor
523 945 600 999 esse
636 919 754 996 dixit:
774 915 993 995 Rhetoricen
1027 920 1176 996 definie-

182 1051 244 1123 bat
263 1045 393 1144 δύναμιν
413 1060 470 1118 τοῦ
484 1051 573 1128 ὄντος
590 1049 718 1118 πιθανοῦ
738 1035 828 1142 (at).
847 1044 936 1132 Quae
948 1047 1175 1118 citatAristo·

183 1168 272 1242 telos
285 1168 376 1260 (aa),
393 1162 565 1266 frigidum
584 1160 695 1234 fuisse
718 1177 877 1260 arguunt
905 1177 1016 1260 atque
1036 1164 1176 1260 poetica

184 1279 294 1356 rerba
313 1293 352 1352 et
375 1276 537 1376 epitheta
564 1289 724 1374 captasse
755 1277 848 1350 ultra
871 1276 1022 1350 modum
1040 1304 1048 1348 :
1069 1277 1178 1372 hujus

184 1410 304 1470 tamen
321 1392 525 1466 ubertatem
543 1388 699 1465 laudavit
715 1392 854 1464 Tullius
866 1391 956 1491 (αδ).

559 1556 599 1626 2⁰
617 1557 803 1654 Sophr'ctoe.

234 1739 358 1828 Quum
390 1734 496 1808 multi
530 1749 693 1808 veterum
724 1735 972 1833 sophistarum
1010 1735 1179 1806 Rhetores

187 1852 273 1926 dicti
304 1847 476 1940 fuerunt3
503 1849 675 1946 sophistae
707 1865 849 1937 autem,
879 1851 1003 1947 quiin
1026 1874 1181 1922 numero

187 1965 378 2038 Rhetorrtm
412 1979 516 2038 erant
552 1963 732 2056 habendi3
765 1989 885 2064 operae
919 1965 1076 2066 pretium
1112 1962 1180 2037 fuit

187 2097 363 2178 utrosque
377 2078 620 2178 distinguere,
639 2092 677 2152 et
694 2081 855 2152 suumin
874 2078 1039 2151 ordinem
1055 2102 1181 2178 quem·

188 2221 260 2292 que
287 2219 458 2270 revocare
478 2193 571 2292 (24).
597 2191 787 2292 Sophistas
803 2194 914 2294 igitur
932 2194 1182 2292 Rhetoresque

189 2312 374 2412 appellare
405 2311 512 2384 liceat
532 2313 723 2408 Gorgiam,
750 2313 901 2397 Polum,
930 2315 1180 2408 Protagoram,

188 2429 405 2515 Prodicum,
438 2428 628 2526 Hippiam
660 2427 856 2514 Rhetures,
885 2427 1111 2522 Licymnium
1146 2441 1181 2495 et

189 2541 493 2629 Alcidamantem3
513 2541 811 2638 interutrosque,
826 2554 1015 2640 tamquam
1031 2537 1180 2620 medios,

190 2656 367 2728 collocare
404 2652 715 2752 Thrasymachum
767 2667 804 2724 et
847 2651 1080 2725 Theodorum
1118 2657 1182 2752 By·

191 2771 363 2843 zantium.
382 2771 629 2844 Praetermissis
651 2769 825 2867 sophistis
843 2767 932 2856 illis,
950 2793 1044 2870 quos
1055 2769 1129 2866 jam
1144 2771 1182 2838 in

190 2926 364 3008 ἰανάληψιν,
378 2925 423 2986 καὶ
438 2925 624 2999 ἀποπλάνησον
643 2925 724 2996 ὄζους.
745 2928 838 2998 Quem
860 2927 926 2988 vide
946 2929 965 2985 i.
981 2929 1011 3005 t,
1022 2947 1051 3006 p.
1078 2927 1182 3004 88-90.
1301 2887 1313 2916 a

227 3023 290 3102 (ao)
299 3025 420 3102 Dionys.
431 3023 533 3094 [tatic.
545 3025 558 3084 l
572 3025 663 3103 Epist.
673 3022 913 3096 adhmmaeum,§
933 3025 968 3083 Π.
983 3025 1025 3083 Gi.
1037 3025 1181 3102 Spengel,

189 3121 208 3178 l.
220 3121 248 3194 l.,
259 3141 288 3198 p.
306 3122 449 3194 spa-180.

228 3216 291 3297 (ar)
304 3218 408 3278 Τῶτον
419 3216 449 3277 δὲ
459 3217 504 3278 τὸν
515 3216 575 3299 ὅρον
588 3217 685 3301 οἱπερὶ
696 3216 741 3276 τὸν
753 3215 948 3294 Ἀλκιδάμαντα
958 3215 1058 3296 ihs-for,
1069 3219 1181 3294 Prclcg.

194 3313 238 3374 Dc
247 3314 384 3384 statibus,
398 3315 452 3375 Rh.
465 3335 508 3394 gr.
519 3316 608 3375 Wais.
621 3327 642 3374 t.
654 3315 717 3386 Vll,
732 3333 762 3392 p.
776 3315 804 3372 8.

229 3411 290 3488 (aa)
301 3412 385 3474 Rhet.
398 3413 448 3486 ΙΙΙ,
461 3415 488 3472 3.

230 3509 292 3586 (23)
305 3510 420 3570 Tuscul.
433 3510 456 3584 1,
474 3511 523 3580 td.

228 3605 291 3684 (at)
313 3607 347 3666 ld
361 3608 509 3685 qtrcdacri
526 3605 637 3685 judicio
657 3607 777 3686 petierit
790 3607 875 3673 (teet.
889 3609 909 3666 Ι.
925 3609 954 3681 1.,
979 3627 1040 3687 cap.
1061 3609 1103 3669 lt:
1125 3621 1182 3668 tres

190 3713 285 3760 etates
300 3703 469 3782 sophisticae
482 3703 649 3776 constituit,
667 3723 790 3782 quarum
807 3704 900 3783 primo
911 3706 1036 3784 pertinet
1056 3706 1092 3769 ad
1103 3708 1182 3768 Gor-

190 3797 264 3874 giam
274 3842 283 3870 ,
295 3801 493 3879 Protagoram,
510 3800 663 3860 Prodicum
677 3814 707 3861 et
724 3802 796 3864 ulios
816 3803 887 3879 qui,
908 3814 1052 3881 quotquot
1066 3803 1182 3876 fuerint,

189 3894 343 3954 interillos
361 3897 527 3958 triumviros
546 3910 721 3975 regnarunt,
737 3897 826 3960 altera
839 3911 907 3958 aens
924 3899 1039 3958 illorum
1052 3899 1181 3959 virorum

191 3990 344 4072 discipulos
360 3995 499 4073 protulit3
514 4007 659 4073 postrema
670 3994 796 4074 denique
812 4006 970 4074 atempure
992 4015 1051 4073 quo
1070 3997 1182 4058 Isocra·

95 4129 97 4132 -
191 4102 232 4150 tes
245 4091 504 4166 panathenaicum,
523 4093 637 4152 Helenae
652 4093 833 4168 encomium,
857 4093 1075 4172 orationemque
1092 4095 1122 4152 in
1130 4095 1181 4155 So·

192 4193 298 4269 phison
317 4195 496 4274 conscripsit,
512 4196 669 4273 permulta
685 4197 779 4254 secula
793 4207 968 4254 senectutem
980 4195 1075 4253 traxit.

1026 4291 1058 4361 3.
