3198 5288
462 755 609 824 CAPUT
633 759 903 828 SECUNDUM.

185 989 241 1052 De
256 983 440 1056 Rhetorica
458 981 557 1082 apud
570 987 713 1054 Graecos
726 979 807 1052 inde
823 979 869 1050 ob
881 997 958 1052 orto
975 981 1052 1078 ejas
1068 1005 1177 1078 mque

542 1097 594 1167 ad
610 1105 818 1195 Augustum.

609 1329 744 1348 ...ο-.-

245 1531 264 1622 s
283 1532 311 1599 1.
331 1533 385 1598 Da
404 1530 621 1598 Rneromea
642 1549 757 1608 osque
778 1549 826 1595 ao
850 1529 1109 1596 Aarsrormrm.

502 1942 537 2011 1⁰
558 1943 728 2013 eretores
746 1944 864 2013 Siculi.

229 2153 386 2226 Sublatis
426 2155 462 2222 in
502 2149 621 2224 Sicilia
657 2159 846 2252 tyrannis,
882 2155 927 2226 de
968 2157 1175 2254 eloquentia

184 2285 362 2368 praecepta
410 2267 550 2340 dedisse
594 2267 716 2340 ferunt
764 2273 965 2356 Coracem,
1005 2274 1174 2367 magistro

181 2410 288 2456 usum
313 2384 545 2480 Empedocle,
576 2386 640 2481 qui
666 2389 803 2480 primus
828 2387 923 2456 cirea
953 2387 1174 2459 Rhetoricen

182 2499 346 2596 quaedam
367 2503 523 2570 movisse
552 2500 702 2585 dieitur,
729 2501 933 2595 Tisiamque
959 2505 1107 2572 Coracis
1124 2503 1176 2573 di-

181 2615 361 2713 scipulum
382 2615 444 2711 (1).
478 2613 579 2685 Idem
604 2613 720 2685 iecere
753 2617 923 2712 Gorgias,
957 2615 1082 2705 Polus,
1119 2621 1176 2687 Li·

183 2731 371 2826 cymnius,
405 2727 617 2800 Alcidamas.
653 2735 736 2800 Haec
764 2728 832 2800 fuit
863 2731 1066 2801 Siculorum
1092 2733 1174 2804 rhe-

182 2858 302 2914 torum
324 2843 469 2914 familia.

246 2961 329 3029 Non
368 2961 521 3028 omnino
558 2959 674 3055 liquet
714 2960 832 3056 qualis
868 2959 978 3031 fuerit
1029 2965 1173 3034 Coracis

182 3071 358 3158 doctrina,
379 3073 484 3166 cujus
504 3071 702 3144 admodum
723 3098 838 3172 pauca
860 3089 897 3144 et
915 3074 1019 3144 valde
1037 3078 1174 3148 incerta

182 3309 275 3391 κυρίῳ
288 3307 334 3368 καὶ
350 3309 388 3374 εἰς
406 3305 571 3366 πολυποσίαν
583 3305 647 3387 φησὶ
660 3305 704 3364 τὸν
715 3301 852 3386 Ἡρακλέα
865 3305 1052 3386 προκληθῆναι
1063 3305 1114 3365 ὑπὸ
1128 3312 1175 3364 τοῦ

182 3404 322 3486 Λεπρέως,
350 3403 395 3462 καὶ
417 3403 498 3463 πάλιν
514 3405 662 3475 νικηθῆναι.
686 3404 729 3460 De
752 3402 941 3478 temperantia
964 3400 1046 3478 ejus,
1072 3402 1174 3476 Idem,
1299 3413 1304 3420 “

182 3503 339 3581 h'b.11,p.
356 3512 403 3573 44,
428 3503 477 3562 U:
493 3499 598 3582 Μάτρις
612 3501 635 3558 δ’
655 3501 670 3558 δ
687 3499 820 3570 Ἀθηναῖος
827 3542 934 3558 ......
965 3497 1039 3558 οὐδὲν
1064 3501 1174 3559 lemtim

181 3598 198 3672 ἢ
214 3599 324 3681 μυρίνης
341 3599 443 3678 ὀλίγον·
459 3596 530 3658 οἴνου
548 3595 577 3656 δὲ
596 3597 641 3657 καὶ
657 3599 711 3655 τῶν
733 3596 821 3656 ἄλλων
832 3576 939 3655 eddredo
954 3595 1089 3676 ἀπείχετο,
1103 3596 1174 3668 πλὴν

182 3695 281 3764 ὕδατος.

236 3795 278 3874 (1)
304 3793 362 3855 Cic.
387 3795 469 3857 Brut.
497 3793 571 3854 Xll:
590 3797 707 3852 «Antea
725 3793 867 3851 neminem
895 3792 1012 3850 solitum
1043 3793 1090 3850 via
1121 3811 1173 3850 nee

182 3903 258 3962 erte3
276 3893 326 3951 sed
347 3904 478 3950 accurate
495 3903 610 3962 tamen,
634 3901 664 3948 et
690 3890 727 3947 de
743 3889 851 3966 scripto
873 3888 1028 3966 plerosque
1042 3887 1172 3947 dicere.»

182 3989 222 4049 ef,
240 3992 383 4068 onopat.
397 3990 500 4049 Homil.
519 3990 549 4046 in
566 3987 714 4066 Aphthon.
729 3985 783 4045 oh.
805 4005 848 4062 gr.
863 3986 952 4043 Walz.
975 3998 995 4043 t.
1007 3987 1045 4062 ll,
1058 4005 1086 4062 p.
1100 4005 1171 4062 1193

183 4090 322 4164 Anonym.
338 4087 454 4147 Rhetor.
469 4087 593 4163 Epitom.
606 4083 675 4144 ibid.
692 4097 712 4144 t.
724 4086 775 4156 111,
790 4103 818 4162 p.
831 4085 906 4155 6103
924 4081 1038 4158 Proleg.
1051 4083 1081 4138 in
1095 4084 1171 4142 Uer·

183 4203 255 4263 mog.
271 4184 355 4242 dhet.
367 4182 435 4241 ibid.
450 4195 466 4240 t.
483 4185 531 4260 lv,
547 4203 574 4263 p.
591 4203 642 4250 ιη
661 4183 734 4243 Max.
748 4180 864 4240 Planud.
880 4178 991 4255 Proleg.
1008 4177 1089 4236 Rhea.
1101 4177 1171 4237 ibid.
