3174 5284
586 576 813 645 connum
841 575 967 642 xxrx.
1118 571 1165 668 59

390 773 460 846 hoc
493 772 612 846 dicere
644 781 802 872 eosqui,
831 789 879 848 ut·
888 779 1008 845 asinus
1029 774 1165 870 lyram,

391 953 573 1010 noverunt
590 940 740 1011 virtutes
753 963 834 1037 quae
859 954 946 1011 sunt
961 940 1165 1012 secundum

391 1119 557 1178 naturam
579 1121 689 1205 atque
701 1109 909 1196 veritatem
931 1107 1083 1179 stultum
1106 1108 1163 1204 ju-

391 1271 510 1346 dicare
530 1271 717 1346 debemus.
734 1273 845 1364 Quod
863 1279 893 1345 si
919 1274 1022 1344 aiunl
1038 1273 1096 1343 illa
1112 1299 1167 1345 so-

391 1432 468 1504 lum
486 1457 568 1530 quae
587 1432 811 1506 multitudini
830 1447 907 1506 rata
924 1447 1010 1505 sunt
1030 1433 1166 1530 (qualia

391 1603 463 1668 sint
496 1612 533 1671 et
566 1623 650 1672 vera
675 1615 711 1671 et
740 1599 924 1697 possibilia
961 1615 997 1671 et
1031 1599 1164 1699 ampla)

390 1787 467 1834 sese
489 1767 669 1854 invenire,
695 1779 731 1836 et
750 1789 789 1837 ea
812 1791 892 1863 quae
915 1782 1001 1838 sunt
1017 1780 1101 1864 apta
1119 1766 1164 1837 ad

334 1902 338 1909 Ι
391 1932 709 2034 persuadendum
735 1934 832 2008 ultra
858 1934 934 2008 lraec
951 1937 1043 2008 nihil
1069 1935 1164 2008 alind

390 2125 466 2174 esse
484 2101 585 2199 quod
595 2105 761 2176 oratione
774 2118 903 2176 tractet
913 2109 967 2175 vir
983 2106 1166 2204 politicus,

398 2284 530 2367 praeter
571 2273 822 2352 inventionem
860 2287 1161 2368 argumentorum
1242 2365 1248 2378 ὑ

300 2453 302 2457 ’
390 2461 470 2534 qnae
493 2438 618 2509 insunt
642 2439 680 2509 in
698 2441 912 2534 quaestione3
935 2436 1164 2536 respondebo

392 2594 540 2666 minime
558 2593 665 2672 firma
682 2619 759 2666 esse
783 2594 843 2666 illa
864 2620 944 2694 quae
960 2609 1037 2668 rata
1056 2593 1166 2668 habet

391 2748 612 2839 multitude,
665 2751 756 2824 adeo
808 2766 849 2823 ut
897 2776 988 2850 saepe
1033 2751 1167 2823 claudi-

390 2907 551 2998 cent31id
573 2907 675 3006 quod
695 2908 774 2981 fieri
797 2911 974 2984 videmus.
1008 2911 1165 2999 Rursus,

391 3080 420 3146 si
438 3077 483 3147 ad
509 3077 801 3176 persuadendum
828 3093 912 3180 apta
942 3085 1019 3150 esse
1047 3081 1165 3149 existi·

390 3257 492 3316 mant
524 3269 564 3316 ea
588 3270 669 3342 quae
701 3245 924 3318 multitudini
951 3245 1035 3318 talia
1071 3245 1166 3316 vide·

391 3401 556 3488 buntur,
603 3404 730 3479 eadem
775 3419 861 3476 sunt
912 3402 1093 3494 dicenda3
1135 3409 1165 3476 si

391 3584 476 3631 vero
515 3561 588 3632 hoc
637 3561 765 3633 dicunt
799 3560 844 3632 de
878 3564 920 3632 iis
949 3584 1031 3659 quoe
1069 3564 1162 3632 veris

390 3723 613 3816 argumentis
638 3772 640 3776 -
667 3723 832 3817 proxime
876 3718 1070 3804 accedunt,
1111 3719 1164 3788 vel

389 3873 493 3947 facile
540 3874 747 3973 perducunt
797 3877 843 3948 ad
889 3879 1163 3962 assensionem

389 4042 548 4135 opinor,
584 4043 652 4111 nisi
688 4051 954 4139 pernoscantur
999 4038 1044 4109 ab
1078 4040 1164 4136 ipsis

388 4194 445 4266 illa
476 4221 555 4292 quae
576 4222 701 4296 reapse
722 4198 802 4270 talia
824 4213 926 4279 sunt,
948 4197 1038 4268 nihil
1065 4196 1162 4267 aliud
