3198 5288
386 605 391 619 ·
431 589 518 645 XXII

325 729 327 734 ’
433 751 491 806 tus
522 733 600 828 ejus
633 731 802 827 cognosci
833 744 954 826 posset
974 757 981 798 :
1005 729 1079 810 brec
1111 727 1181 800 fuit
1204 732 1307 826 quasi
1328 755 1426 827 quar-

432 849 515 920 dam
554 845 778 942 Eloquentiae
814 843 964 914 robusta
1004 844 1200 922 maturitas.
1296 847 1303 860 '

480 967 629 1034 Mortuo
655 958 876 1050 Alexandro,
899 959 1078 1056 victisque
1106 958 1203 1057 apud
1223 965 1427 1032 Cranonem

436 1074 738 1162 Atheniensibus,
754 1078 946 1171 Antipater
961 1098 1008 1144 ne
1022 1073 1266 1152 inanissimam
1279 1074 1429 1171 quidem

436 1193 614 1266 libertatis
637 1192 794 1288 speciem
814 1213 1004 1286 superesse
1031 1211 1156 1286 passus
1179 1203 1244 1263 est.
1267 1188 1431 1262 Subinde

436 1305 654 1378 invalescere
678 1316 872 1398 coeperunt
889 1301 1054 1397 quaedam
1069 1304 1273 1374 remissiora
1287 1302 1432 1374 dicendi

437 1443 570 1518 genera
602 1416 690 1513 (60).
719 1418 901 1486 Exstincta
928 1417 1024 1486 enim
1054 1414 1239 1508 libertate,
1275 1417 1434 1516 elanguit

439 1534 667 1634 eloquentia3
699 1532 768 1602 nisi
808 1530 909 1628 quod
948 1556 1014 1628 per
1046 1531 1184 1616 Asiam,
1214 1531 1311 1628 apud
1336 1531 1434 1603 Rbo-

441 1648 520 1722 dios
561 1661 671 1742 atque
716 1645 868 1720 aliarum
912 1643 1111 1717 insularum
1154 1646 1279 1732 cives,
1321 1650 1436 1719 movit

443 1767 615 1848 tacert0s3
637 1760 729 1832 adeo
751 1775 793 1838 ut
809 1773 977 1834 senectus
998 1760 1097 1853 ajars,
1123 1784 1219 1830 novo
1238 1758 1436 1846 subscrip,

443 1881 517 1949 visa
537 1879 582 1947 sit
605 1880 834 1946 revirescere.
856 1875 950 1945 Hinc
970 1889 1053 1945 aetas
1082 1889 1269 1945 oratorum
1289 1878 1436 1947 Asiano-

444 2017 524 2063 rum
552 2005 588 2062 et
625 1988 883 2072 Rhodiorum
926 1991 990 2086 qui
1028 2003 1148 2060 tamen
1178 1989 1438 2079 declamatores

445 2111 567 2206 potins
598 2129 706 2203 quam
739 2119 902 2175 oratores
923 2102 1067 2175 dicendi
1084 2120 1181 2176 sunt.

495 2227 630 2294 Rerum
648 2221 784 2319 potitus
803 2222 990 2318 Antipater
1016 2219 1153 2314 judicia
1177 2233 1440 2322 oratorumque

449 2340 645 2411 certamina
672 2335 819 2408 sustulit
841 2335 933 2431 (61),
959 2337 1131 2432 ipsosque
1152 2353 1316 2410 oratores
1333 2339 1443 2411 Athe·

451 2455 507 2524 nis
543 2467 580 2522 et
620 2453 656 2522 in
691 2450 832 2548 reliqua
874 2451 1012 2522 Graecia
1054 2455 1174 2522 necari
1214 2455 1321 2549 jussit
1352 2454 1440 2552 (62).

451 2567 539 2636 Veri
576 2580 697 2636 tamen
739 2565 855 2634 simile
894 2563 1039 2635 videtur
1078 2569 1117 2636 in
1158 2567 1328 2638 comitiali
1357 2592 1444 2638 con-

452 2694 585 2765 ventu,
629 2685 702 2749 sive
739 2680 883 2749 Thermi
919 2678 997 2776 (63)
1030 2680 1125 2778 apud
1166 2683 1334 2772 AEtolos‚
1371 2687 1443 2753 sive

458 2947 588 3005 sthenem
599 2968 608 3017 ς
620 2947 697 3004 Plut.
721 2948 750 3004 in
765 2949 848 3006 llem.
866 2948 1003 3008 XXVlll:
1018 2945 1174 3027 Ἕρμιππος
1190 2948 1218 3006 δὲ
1236 2950 1281 3008 τὸν
1298 2951 1404 3031 Ἀρχίαν
1419 2954 1448 3010 ἐν

454 3050 509 3108 τοῖς
525 3039 660 3124 Λακρίτου
672 3049 717 3101 τοῦ
734 3041 841 3124 ῥήτορος
855 3040 977 3120 μαθητήν
994 3041 1148 3124 ἀναγράφει
1312 3032 1316 3040 ’

497 3139 559 3216 (60)
573 3140 633 3199 Cic.
647 3140 690 3198 De
700 3141 782 3199 Orat.
798 3141 839 3211 ll,
855 3140 930 3212 523.

499 3236 560 3314 (61)
575 3237 692 3315 Suidas,
708 3259 735 3296 v.
750 3237 888 3315 Δημάδης.
899 3237 1090 3318 (Ἀντίπατρος)
1103 3237 1231 3298 κατελυσε
1241 3237 1276 3298 τά
1293 3241 1451 3324 δικαστήρια

459 3330 577 3400 καὶτοὺς
592 3331 743 3415 ῥητορικοὺς
757 3337 868 3412 ἀγῶνοις.

501 3429 562 3510 (6ο)
581 3433 711 3490 lncertus
725 3446 770 3490 est
781 3431 1145 3490 numernsinterlectorum
1158 3446 1316 3492 oratorum.
1332 3437 1453 3516 Legitur

462 3529 539 3588 enim
562 3528 592 3586 in
617 3530 779 3607 prolegom.
803 3530 976 3606 llermogen.
999 3532 1043 3588 De
1068 3528 1215 3590 Statibus:
1229 3534 1282 3590 τῶν
1303 3531 1331 3591 δὲ
1357 3536 1453 3594 Μακε-

463 3625 572 3684 δονικῶν
603 3626 770 3708 πραγμάτων
807 3625 1050 3705 κατισχυοάντων,
1081 3625 1250 3712 Ἀντίπατρος
1282 3631 1453 3704 ἐννενήκοντα

463 3719 533 3782 ὀκτὼ
570 3721 623 3782 άπδ
647 3727 694 3795 τῆς
718 3723 838 3793 Ἀττικῆς
862 3723 948 3782 ἀνεῖλε
971 3721 1104 3805 ῥήτορας,
1130 3725 1176 3784 καί
1206 3726 1307 3805 χιλίους
1339 3730 1456 3788 ὀκτακο-

464 3817 535 3884 σίους
548 3818 601 3879 ἀπὸ
616 3824 663 3891 τῆς
682 3819 765 3892 ἄλλης
784 3819 921 3886 Ἑλλάδος.
937 3820 991 3880 Rh.
1004 3841 1045 3899 gr.
1056 3823 1158 3895 Walz.‚
1172 3836 1192 3882 t.
1203 3826 1265 3898 Vll,
1279 3845 1307 3904 p.
1320 3827 1348 3885 6.
1360 3829 1456 3905 Sopa-

465 3930 531 3988 ter,
547 3917 644 3977 Sebol.
661 3919 691 3974 in
714 3919 889 3994 Hermogen.
904 3917 1044 3980 libetur:
1065 3918 1171 3997 ήκμαοε
1189 3919 1218 3980 δὲ
1237 3923 1297 3982 καθ’
1308 3923 1456 4006 ὓπερὸολήν

464 4015 491 4072 ἰν
509 4016 543 4093 τῇ
563 4012 721 4094 δημαγωγία
740 4012 810 4071 κατδι
822 4012 867 4072 τδν
882 4013 1066 4090 Δημοσθένους
1082 4017 1208 4100 καιρὸνή
1229 4019 1368 4102 ῥητορική·
1389 4020 1458 4098 μετὰ

466 4109 494 4168 δὲ
505 4114 589 4168 ταῦτα
599 4109 643 4167 ἐπὶ
652 4113 700 4179 τῆς
714 4109 883 4193 Ἀντιπάτρου
897 4111 1039 4191 βασιλείας,
1051 4114 1131 4186 ἡνίκα
1138 4115 1279 4198 Ὑπερίδης
1295 4116 1342 4194 μὲν
1357 4119 1459 4196 ίγλωσ-

466 4203 618 4283 οοτομήθη,
639 4204 809 4283 Δημοσθένης
825 4206 852 4266 δὲ
873 4206 1015 4267 ἀπίθανον·
1038 4212 1207 4283 ἐννενήκοντα
1223 4204 1309 4272 δὲκαὶ
1325 4213 1394 4274 ὀκτὼ
1408 4215 1455 4275 λί-
