3198 5288
406 583 463 643 [ΙΙ

408 735 599 806 dederunt.
622 737 851 833 Quamquam
877 736 1074 808 verisimile.
1088 749 1143 806 est
1163 735 1395 808 Rhetoricam

406 873 425 919 a
455 848 604 944 Rhodiis
632 859 710 919 nori
748 848 858 922 fuisse
900 851 1120 950 neglectam,
1153 849 1243 919 nihil
1273 864 1395 922 tamen

408 987 450 1033 ex
489 988 618 1034 eorum
662 965 850 1052 doctrina,
895 966 996 1063 quod
1038 967 1172 1052 sciam,
1218 979 1395 1063 superest.

404 1077 636 1148 Alexandrini
667 1093 789 1150 autem
815 1093 851 1151 et
875 1083 1085 1177 Pergameni
1108 1083 1258 1167 omissa,
1278 1093 1321 1149 ut
1346 1079 1396 1150 itu

406 1193 543 1284 dicam,
563 1193 769 1284 Rhetorica,
801 1198 1049 1266 Grammaticae
1080 1196 1259 1293 praecipue
1290 1194 1394 1266 incu-

404 1305 582 1393 buerunt3
600 1308 691 1380 adeo
707 1324 763 1396 ut,
776 1308 1030 1384 deficientibus
1044 1306 1278 1395 Rhetoribus,
1296 1304 1394 1405 apud

403 1421 643 1520 philosophos
677 1424 869 1520 quaerenda
897 1430 943 1495 s'it
965 1425 1177 1507 Rhetorica;
1206 1424 1245 1492 in
1269 1445 1394 1519 quarm

403 1538 479 1606 sive
501 1536 765 1633 explicandam,
792 1542 1050 1636 Peripateticos
1069 1551 1105 1608 et
1123 1537 1288 1621 Stoicos,
1315 1537 1390 1606 sive

403 1650 710 1749 impugnandam,
736 1651 970 1723 Academicos
999 1667 1036 1723 et
1062 1653 1290 1750 Epicureos,
1316 1664 1393 1721 stu-

402 1763 503 1835 dium
533 1766 731 1837 contulisse
756 1792 824 1864 pro
849 1783 948 1839 certo
977 1766 1166 1838 habemus.

545 2006 578 2078 1⁰
603 2015 656 2078 De
670 2009 857 2080 Rhetorica
873 2009 974 2106 apud
985 2013 1252 2106 Peripateticos.

432 2235 739 2307 InterAristotelis
753 2234 961 2334 discipulos,
974 2235 1018 2307 de
1032 2235 1226 2307 Rhetorica
1242 2241 1390 2334 scripse·

407 2363 494 2418 runt
516 2351 687 2422 Ponticus
712 2349 918 2436 Heraclides
943 2365 978 2421 et
1002 2350 1273 2448 Theophrastus
1297 2350 1386 2447 (85).

398 2463 596 2534 Heraclidis
630 2464 724 2536 liber
751 2471 806 2536 Dc
831 2468 992 2535 Oratores
1012 2465 1129 2561 officio
1149 2489 1193 2534 ex
1220 2467 1391 2561 Diogenis

397 2581 527 2648 Laertii
557 2581 769 2651 testimonio
788 2583 958 2652 novimus
990 2579 1085 2676 (86);
1100 2579 1389 2676 Theophrastum

399 2715 483 2760 vero
524 2717 635 2788 quem
666 2695 914 2792 copiosissima
948 2693 1112 2765 doctrina
1140 2695 1230 2791 (87)
1258 2697 1392 2764 Aristo·

397 2805 482 2889 tele,
498 2809 668 2902 magistro
685 2833 767 2900 suo,
798 2809 949 2908 dignum
977 2807 1119 2895 effecit,
1139 2811 1175 2880 in
1199 2809 1391 2880 Rhetorica

435 3051 497 3131 (85)
516 3053 594 3113 Nihil
606 3056 699 3132 reperi
710 3056 786 3114 unde
798 3053 961 3134 colligerem
973 3053 1149 3126 Eudemum,
1164 3055 1302 3115 Phaniam
1316 3055 1392 3136 (aliit

396 3150 564 3218 Phaeniam‚
580 3151 615 3210 cl.
636 3153 748 3229 Menag.
766 3153 796 3211 in
819 3153 903 3230 Diog.
925 3153 1020 3211 Laert.
1038 3173 1065 3230 p.
1084 3172 1152 3224 aot,
1169 3153 1215 3211 ed.
1232 3153 1390 3231 Memnon),

399 3248 623 3320 Aristoxenum,
640 3249 836 3308 Dicaearchum
851 3250 1034 3310 Rhetoricam
1049 3250 1187 3327 attigisse.

437 3340 497 3423 (86)
521 3347 603 3424 Diog.
618 3347 714 3410 Laert.
730 3350 763 3418 V,
779 3350 831 3410 88:
848 3345 974 3430 ῥητορικὰ
985 3346 1027 3407 δέ·
1043 3346 1110 3427 Περὶ
1125 3351 1172 3405 τοῦ
1188 3344 1350 3427 ῥητορεύειν,
1372 3345 1391 3417 ἢ

396 3440 585 3523 Πρωταγόρας.
634 3431 637 3436 ’
1212 3493 1215 3500 ,

435 3540 495 3619 (87)
519 3542 705 3602 cierusmt.
727 3543 788 3613 Ill,
802 3543 859 3601 at:
881 3542 1124 3621 «Theophrastus
1136 3537 1240 3598 'antem
1265 3539 1392 3598 moriens

395 3657 541 3697 accusasse
562 3651 695 3699 naturam
713 3639 832 3710 dicium,
854 3639 934 3717 qnod
954 3640 1048 3698 cervis
1069 3649 1099 3696 et
1118 3634 1285 3696 cornicibus
1301 3637 1390 3695 vitam

396 3734 578 3806 diuturnam,
601 3754 726 3813 qnorum
743 3737 775 3796 id
792 3735 863 3794 nihil
881 3736 1053 3803 interesset;
1076 3731 1245 3794 hominibus
1265 3753 1391 3811 quorum

396 3831 520 3890 inanime
545 3833 737 3906 interfuisset,
760 3845 819 3892 tam
835 3833 969 3909 exiguam
983 3831 1073 3890 vitam
1095 3830 1241 3890 dedisset:
1267 3849 1392 3908 quorum

394 3929 418 3988 si
440 3941 508 3988 aetas
523 3931 663 4008 potuisset
680 3950 741 3988 esse
757 3929 956 4006 longinquior,
985 3929 1114 3986 futurum
1133 3927 1220 3986 fuisse
1231 3941 1278 3999 ut,
1298 3909 1392 3986 omili-

396 4025 450 4086 bus
465 4027 598 4104 perfectis
620 4026 748 4098 artibus,
769 4028 848 4086 omni
861 4025 993 4086 doctrine
1012 4026 1163 4085 hominum
1183 4026 1244 4085 vita
1261 4024 1392 4084 erudire·

396 4136 452 4181 tur.
478 4124 662 4194 Querebatur
691 4123 779 4200 igitur
802 4135 928 4199 sctum,
950 4143 1041 4202 quum
1063 4124 1111 4183 illu
1128 4123 1226 4182 ridere
1248 4121 1390 4200 erupisset,

400 4221 575 4298 exstingui.-
