3174 5284
389 565 458 626 'ran
706 555 1063 625 auctoramentis

392 751 403 774 ο
421 723 531 783 Rhetor
553 719 749 780 nobilissimus
769 741 857 799 quum
878 722 1071 800 interrogatus
1087 734 1161 783 esset
1177 723 1249 802 quid
1273 724 1300 782 ei
1325 723 1385 803 pri·

390 821 469 878 trium
496 817 643 878 videretur
663 819 693 876 in
707 818 877 896 eloquentia
899 820 1049 899 praeceptis
1070 820 1218 879 observari
1232 833 1384 900 oportere,

390 919 648 976 pronunciationem
697 913 804 973 dicitur
848 916 1030 994 respondisse
1050 938 1058 974 ι
1082 937 1173 996 quum
1203 930 1384 995 quaereretur

390 1013 460 1093 quid
473 1012 640 1079 secundum,
653 1011 782 1070 eamdem
795 1013 1071 1073 Pronunciationem
1084 1015 1200 1074 dixisse.
1217 1041 1229 1066 ν

429 1131 464 1187 V.
486 1127 553 1200 7—8.
589 1123 957 1206 Κάλλιππος-ἔφησαν...
982 1129 1050 1188 ttaec
1082 1141 1149 1186 sunt
1178 1128 1210 1185 in
1231 1129 1286 1189 Ms.
1309 1126 1385 1184 adeo

390 1225 499 1284 incerta
513 1236 544 1281 et
567 1233 719 1300 corrupta,
733 1234 765 1280 ut
781 1223 831 1280 vix
844 1222 1003 1301 quidquam
1026 1224 1157 1284 divinare
1174 1225 1276 1285 ausim.
1301 1225 1386 1294 Quis

391 1341 458 1379 nam
479 1319 556 1378 enim
577 1319 624 1376 iile
638 1317 797 1386 Κάλλιππος
809 1317 976 1402 Ἰσοκράτους
988 1319 1142 1398 (subintell.
1155 1319 1304 1398 μαθητάς)Ι
1316 1320 1387 1378 cat-

392 1419 491 1496 lippus
512 1436 571 1474 non
598 1427 842 1475 commemoratur
864 1418 941 1475 inter
964 1416 1121 1495 discipulos
1146 1416 1279 1477 Isocratis
1306 1417 1388 1493 apud

391 1515 609 1592 coray.,1s00r.
623 1513 791 1594 prolegom,
804 1525 824 1571 t.
840 1515 851 1572 Ι
865 1533 915 1594 ,μ
936 1516 1050 1584 60-61;
1074 1515 1140 1586 sed,
1158 1533 1248 1592 quum
1269 1526 1390 1572 centum

391 1612 559 1691 discipulos,
574 1611 619 1669 vel
632 1611 729 1688 plures
741 1611 827 1670 etiam
842 1612 982 1672 Isocrates
994 1611 1128 1671 habuerit
1142 1611 1296 1689 (photius,
1308 1611 1388 1673 Bibl.

391 1710 510 1786 ccix),
525 1726 618 1786 neque
629 1727 731 1766 eorum
743 1708 874 1766 omnium
888 1721 957 1767 nota
967 1710 1025 1767 sint
1038 1711 1172 1783 nomina,
1185 1709 1258 1766 nihii
1271 1708 1391 1767 obstare

391 1805 582 1881 videturque
604 1805 700 1862 minus
718 1805 794 1864 inter
816 1805 869 1862 hos
891 1819 1096 1864 annumeretur
1117 1807 1277 1884 Callippus.
1301 1806 1390 1865 Haud

392 1903 451 1959 seio
474 1921 509 1959 an
532 1901 619 1960 satius
641 1913 714 1958 esset
726 1902 836 1978 legere:
850 1900 1007 1970 Κάλλιππύς
1019 1927 1049 1961 τε
1063 1901 1108 1962 καὶ
1122 1901 1288 1984 Ἰσοκράτους
1304 1902 1391 1981 (sub-

392 1998 480 2056 intelt
500 1994 641 2074 μαθητάς)
665 1995 823 2077 Ναυκράτης
850 1999 894 2057 vel
915 1997 1118 2081 Ναυσικράτης,
1147 1999 1228 2076 cujus
1251 2001 1393 2078 magister

393 2095 534 2152 isocrates
557 2090 632 2168 fuit,
656 2091 731 2160 cic..
756 2094 801 2151 De
830 2097 910 2152 Orat.
935 2096 977 2168 ΙΙ,
1007 2097 1060 2166 233
1088 2097 1137 2166 tlt,
1163 2103 1216 2166 ΙΙ,
1236 2099 1315 2156 Orat.
1340 2097 1391 2156 Lt.

393 2190 506 2248 ituhnlr.
536 2189 607 2246 trist.
634 2189 697 2246 crit.
727 2191 805 2248 Orat.
837 2208 898 2267 gr,
924 2210 954 2269 p.
977 2192 1081 2260 xctlt;
1108 2195 1229 2270 Coray.,
1250 2195 1269 2251 Ι.
1292 2194 1309 2251 Ι.
1328 2194 1392 2253 Pro

394 2289 641 2374 ΤωΦΗΕω
670 2293 749 2372 quod
775 2295 827 2352 Ms.
855 2294 982 2374 praebet,
1006 2298 1091 2375 posui
1119 2295 1241 2378 ἔρησαν,
1266 2311 1299 2356 ut
1331 2297 1389 2355 sibi

393 2424 505 2470 constet
527 2409 678 2469 sententia.

435 2549 469 2605 V.
484 2569 512 2624 9.
529 2544 638 2606 Λύκων.
652 2590 679 2605 ..
700 2547 800 2605 Nullus
819 2547 915 2622 Lycon
926 2547 1051 2606 occurrit
1067 2546 1104 2604 ad
1117 2567 1204 2624 quem
1214 2548 1272 2606 haec
1289 2547 1393 2607 referri

395 2645 527 2723 possint,
551 2644 626 2703 inter
645 2662 695 2701 eos
718 2663 842 2720 quorum
854 2639 982 2702 meminit
997 2645 1081 2722 Diog.
1094 2645 1190 2704 Laert.
1202 2647 1236 2715 V,
1254 2646 1392 2722 §65-69.

397 2739 534 2800 Libenter
548 2740 709 2816 scripserim
725 2738 868 2813 Γλαύκων,
883 2741 982 2817 quide
998 2741 1118 2800 Aetione
1140 2754 1280 2821 praecepta
1301 2741 1395 2815 dedit,

397 2836 515 2895 Aristot.
530 2834 612 2893 Rhet.
635 2836 687 2906 ΙΙΙ,
704 2855 733 2892 1:
752 2837 839 2906 Δῆλον
852 2827 897 2894 σύν
913 2833 953 2893 ὅτι
971 2835 1085 2918 καὶπερὶ
1101 2834 1149 2908 τλν
1170 2835 1308 2919 ῥητορικήν
1333 2838 1395 2896 ἐστι

397 2934 428 2994 τὸ
446 2938 563 2992 τοιοῦτον
583 2932 627 3011 (h.
643 2952 669 2990 e.
694 2935 711 3002 ἡ
732 2930 894 3013 ὑπόκρισις),
909 2931 999 3014 ὥσπερ
1025 2934 1070 2992 καὶ
1084 2933 1146 3016 περὶ
1162 2934 1210 3008 τὴν
1234 2935 1393 3006 ποιητικήν·

397 3031 461 3114 ὅπερ
482 3029 566 3112 ἕτεροί
578 3051 645 3096 τινες
660 3028 932 3112 ἐπραγματεύθησαν,
947 3029 993 3089 καὶ
1008 3029 1137 3090 Γλαύκων
1152 3037 1166 3092 ὁ
1180 3031 1271 3104 Τήϊος.

440 3167 472 3222 V.
496 3166 602 3230 23-24.
631 3160 906 3244 Αἰσχίνης-πικράν.
920 3207 947 3222 ..
971 3165 1044 3242 Cum
1067 3165 1205 3224 AEschinis
1232 3164 1327 3225 verbis
1356 3165 1396 3226 ad

400 3283 461 3340 quae
479 3263 583 3320 Noster
595 3259 722 3334 adludit,
741 3259 777 3318 ef.
802 3262 920 3338 Dionys.
932 3261 1036 3332 Helie,
1053 3263 1096 3320 De
1109 3261 1277 3321 admiranda
1297 3263 1326 3322 vi
1349 3261 1397 3320 di-

401 3359 483 3416 cendi
504 3359 534 3415 in
550 3359 632 3416 Dcm.
647 3359 714 3416 LV:
737 3357 768 3416 Ἃ
788 3356 859 3436 λέγε
881 3358 1008 3438 Αἰσχίνης
1026 3355 1087 3439 περὶ
1108 3361 1188 3418 αὐτοῦ
1209 3357 1304 3442 γράφει
1320 3381 1397 3418 euno

400 3458 520 3535 ραντῶν,
544 3451 633 3534 ὥσπερ
660 3450 809 3536 {onustant
827 3451 874 3532 μὲν
889 3456 925 3521 ὡς
944 3462 1048 3534 πικροῖς
1060 3453 1105 3513 καλ
1126 3453 1273 3537 περιέργοις
1283 3454 1397 3532 ὀνόμασι

400 3548 549 3632 χρωμένου,
576 3549 636 3609 τοτὲ
659 3550 727 3618 δ’ὡς
741 3549 833 3622 ἀηδέσι
850 3550 895 3611 καὶ
910 3559 1050 3632 φορτικοῖς,
1066 3551 1156 3633 ῥᾳδίας
1169 3549 1225 3631 ἔχει
1238 3550 1285 3620 τὰς
1298 3555 1397 3612 άπολσ

400 3648 467 3729 γίας.
487 3648 538 3706 rtis
552 3647 640 3707 fretus
654 3650 749 3707 locum
768 3648 851 3707 valde
863 3647 1063 3727 perturbatum
1079 3651 1199 3710 restitui.

440 3780 475 3839 V.
484 3789 532 3849 at.
547 3777 824 3860 ΠαρλδὲΔημητρΙιρ.
839 3824 844 3839 .
858 3823 865 3836 .
880 3780 1121 3841 Coniirmanthaec
1129 3784 1306 3844 Demetrium
1318 3784 1398 3844 Pha-

402 3880 509 3935 lercum
525 3876 561 3934 de
576 3875 767 3934 Demosthene
780 3874 936 3954 scripsisse,
943 3876 973 3934 id
988 3878 1066 3955 quod
1079 3877 1162 3937 docet
1173 3880 1292 3958 Dionys.
1305 3882 1396 3941 Halic.

401 3974 420 4030 Ι.
432 3975 461 4044 L,
476 3973 560 4032 Liil:
588 3971 644 4031 Καὶ
671 3968 722 4050 γάρ
733 3968 767 4028 τὰ
781 3971 854 4044 πάθη
872 3968 906 4030 τὰ
920 3975 967 4043 τῆς
981 3976 1069 4054 φωνῆς
1089 3972 1136 4032 καλ
1154 3971 1189 4034 τά
1208 3974 1337 4054 σχήματα
1348 3981 1398 4035 τοῦ

403 4067 541 4146 σώματος,
570 4059 607 4133 οἷς
635 4057 849 4150 κράτισταὲἘειν
871 4067 999 4147 ἔμελλεν,
1017 4072 1048 4128 οὐ
1062 4073 1149 4152 μικρῷ
1164 4069 1238 4155 πύνῳ
1254 4074 1398 4152 κατειργά-

402 4188 483 4223 σατο·
511 4164 556 4224 καί
573 4186 613 4222 τοι
645 4162 720 4246 φύσει
734 4163 800 4246 πρὸς
814 4170 898 4224 ταῦτα
910 4168 940 4227 οὐ
954 4165 1024 4225 πάνυ
1035 4169 1139 4246 εὐτυχεῖ
1160 4167 1341 4250 χρησάμενος,
1361 4173 1400 4237 ὡς
