3198 5288
968 489 978 516 ¹
1098 507 1154 562 xv

77 645 421 744 Cephisophon
435 643 512 742 (45)
526 700 534 732 ,
549 587 717 743 Pbryuon
730 647 820 742 (46),
837 648 1043 745 Agnonides
1057 652 1152 746 (47),

85 894 229 953 XXVI.
256 893 358 953 Salsa
374 892 436 970 ejus
448 893 537 952 verba
547 896 578 954 C.
597 895 746 953 Gracchus
759 895 789 952 iu
803 894 932 952 oratione
946 907 1046 952 eontra
1061 896 1151 972 legem

91 990 269 1049 Aufeiam
284 990 406 1067 retulit,
417 992 482 1049 Aut
495 991 568 1050 Gell.
582 993 630 1062 ill,
649 1011 700 1048 ro:
713 991 781 1050 «Uti
793 991 911 1050 interra
924 992 1037 1068 graecia,
1051 994 1153 1068 quoin

95 1117 109 1138 «ι
126 1101 301 1166 tempore
335 1087 481 1165 tragoedus
495 1087 655 1167 (subintell.
677 1087 886 1165 Aristodemus)
910 1089 1006 1165 gloriae
1028 1089 1084 1147 sibi
1099 1090 1153 1148 du·

99 1212 115 1237 «
132 1184 242 1242 cebat
256 1185 411 1242 talentum
424 1205 559 1262 magnum
569 1184 607 1243 ob
620 1205 707 1242 unam
717 1184 844 1242 fabulam
855 1184 952 1242 datum
965 1205 1043 1256 esse3
1064 1187 1152 1246 homo

105 1309 120 1332 «
135 1283 430 1357 eloquentissimus
442 1283 568 1340 civitatis
579 1301 647 1356 suae,
657 1281 798 1340 Demades
806 1283 832 1339 ei
842 1282 1022 1360 respondisse
1031 1282 1150 1342 dicitur:

110 1406 124 1430 «
138 1379 275 1437 Mirum
285 1379 348 1438 tibi
359 1379 482 1452 videtur,
495 1381 518 1437 si
526 1393 557 1438 tu
569 1380 713 1458 loquendo
721 1380 859 1438 talentum
871 1381 1067 1457 acquisivisti?
1079 1382 1150 1458 Ego,

114 1503 129 1528 ι
147 1489 190 1533 ut
203 1489 368 1550 tacerem,
385 1478 483 1535 decern
499 1479 603 1536 talenta
626 1497 641 1535 a
666 1497 734 1554 rege
744 1478 870 1555 accepi.»
884 1479 946 1535 Alia
959 1479 1035 1536 dicta
1045 1480 1152 1556 passim

116 1589 351 1633 memorantur
367 1575 495 1653 ejusdem
510 1573 647 1646 δεινότητα
665 1574 812 1647 testantia3
835 1575 1011 1642 Demetrius,
1028 1577 1070 1632 lle
1082 1576 1152 1634 Elo-

120 1685 191 1730 cut.
206 1674 258 1730 ed.
276 1674 454 1751 Schneid.‚§
473 1675 529 1732 283
541 1698 546 1730 :
558 1675 587 1731 οὐ
602 1671 725 1744 τέθνηκεν
739 1669 905 1751 Ἀλέξανδρος
914 1661 955 1746 ,d
969 1671 1059 1754 ἄνδρες
1074 1671 1151 1743 Ἀθη-

122 1779 222 1840 ναῖοι,
236 1759 294 1838 ὦζε
309 1768 365 1852 γὰρ
376 1769 408 1829 διν
420 1777 437 1844 ἡ
448 1768 588 1848 οἰκουμένη
597 1774 644 1828 τοῦ
658 1775 759 1850 νεκροῦ.
773 1771 790 1845 §
805 1773 860 1837 284
871 1791 878 1826 :
891 1773 968 1828 τοῦτο
979 1769 1010 1828 τὸ
1025 1769 1150 1850 ψήφισμα

126 1865 184 1921 οὐκ
198 1861 258 1942 ἐγὼ
288 1863 414 1946 ἔγραψα,
431 1863 519 1922 ἄλλο
539 1861 654 1940 πολεμος
671 1865 710 1943 τῷ
728 1859 897 1943 Ἀλεξάνδρου
916 1859 1007 1943 δόρατι
1030 1861 1148 1944 γράφων.

127 1959 214 2019 lbid.
231 1984 238 2017 :
259 1957 334 2019 ἔοικε
350 1959 401 2042 γθιρ
415 1965 432 2032 ἡ
446 1957 616 2030 Μακεδονικὴ
633 1957 759 2036 δύναμις,
773 1960 960 2018 ἀπολωλεκυῖα
973 1959 1017 2019 τὸν
1032 1958 1150 2028 Ἀλέξαν-

133 2059 214 2136 δρον,
228 2061 269 2136 τῷ
288 2057 421 2116 Κύκλωπι
434 2054 637 2138 τετυρλιομένῳ,
1063 2071 1065 2076 “

182 2153 331 2213 Addictus
350 2153 510 2230 Philippo,
541 2153 573 2209 in
594 2151 785 2210 adulationem
812 2172 847 2210 eo
868 2173 959 2230 usque
982 2173 1149 2231 progressus

140 2264 204 2323 est,
222 2263 257 2308 ut
271 2250 309 2308 de
320 2271 356 2308 eo
372 2247 446 2308 inter
457 2251 526 2308 deos
550 2250 715 2308 collocando
728 2251 875 2308 decretum
888 2251 1035 2320 retulerit,
1048 2252 1147 2328 Apsin.

145 2351 202 2406 Ars
217 2348 313 2422 libet,
329 2349 372 2407 De
392 2347 530 2418 Exordio‚
546 2347 599 2408 lili.
612 2367 653 2425 gr.
674 2347 773 2418 Walz„
786 2349 822 2405 T.
837 2349 893 2420 lx,
912 2367 941 2424 p.
965 2355 1034 2417 470:
1050 2348 1150 2424 patriae

148 2445 300 2522 proditor,
312 2447 389 2522 regis
404 2444 457 2502 sub
472 2456 657 2522 conspectum
673 2444 801 2503 Athenas
822 2443 853 2500 iu
866 2462 963 2501 mensa
980 2443 1149 2513 delineavit,

150 2545 286 2619 Hermog.
303 2544 346 2599 lle
365 2543 425 2600 lnv.
443 2542 472 2610 l,
496 2561 532 2611 a,
554 2539 624 2600 ibid.
651 2542 686 2598 T.
708 2540 812 2616 lll‚p.
837 2548 885 2610 74,
909 2541 976 2598 Haec
1002 2540 1146 2600 infirmant

155 2658 220 2717 quae
232 2651 298 2716 post
312 2639 531 2697 Chaeronensem
544 2657 670 2716 pugnam
685 2635 867 2714 respondisse
886 2656 952 2694 eum
970 2637 1056 2695 tradit
1068 2639 1147 2696 Sext.

157 2737 264 2814 Empir.
286 2737 357 2796 Adv.
381 2737 515 2794 Mathem.
541 2738 572 2806 1,
589 2756 618 2814 p.
634 2736 702 2807 281,
724 2734 769 2792 ed.
785 2733 868 2792 l'abr.
887 2755 894 2790 ε
913 2733 958 2792 καὶ
985 2733 1113 2812 Δημάδης
1133 2740 1147 2794 ὁ

160 2831 246 2914 ῥήτωρ
264 2831 446 2913 γραμματικὸς
455 2830 492 2890 ὢν
503 2879 512 2906 ,
522 2835 630 2899 πολλοῖς
649 2835 701 2892 τῶν
723 2831 865 2902 Ἀθηναίων
887 2830 954 2908 μετθι
970 2830 1018 2903 τλν
1035 2833 1063 2890 ἐν
1075 2835 1147 2893 Χαι-

161 2929 252 3012 ριυνείαΙ
270 2922 349 3002 ἧτταν
373 2931 660 3010 συναιχμαλιοτισθείς,
679 2931 724 2989 καί
749 2928 830 2988 εἰπὼν
854 2929 919 3010 πρὸς
945 2928 991 2988 τὸν
1007 2929 1146 2990 Φίλιππον

163 3027 333 3106 ἀναγκάζοντα
353 3030 525 3109 εὐωχεῖσθαι·

372 3213 497 3226 ......
514 3179 555 3236 Τίς
569 3178 614 3244 γάρ
623 3195 663 3228 κεν
673 3179 730 3244 ἀνὴρ
740 3179 766 3234 ὃς
776 3177 895 3240 ἐναίσιμος
903 3177 949 3236 είη,

366 3259 425 3323 Πρὶν
433 3257 500 3316 τλαίη
510 3257 647 3308 πάσσασθαι
656 3258 750 3316 ἐδητύος
765 3259 807 3316 ἡδὲ
816 3263 915 3316 ποτῆτος
925 3293 933 3318 ,

367 3337 425 3401 Πρὶν
434 3337 532 3386 λύσασθ’
547 3337 654 3402 ἑτάρους,
666 3338 706 3385 καὶ
718 3337 743 3385 ἐν
752 3337 903 3399 ὀφθαλμοῖσιν
914 3336 1012 3395 ίδέσθαις

176 3457 248 3512 Ηοιιι.
265 3455 354 3533 Odyss.
371 3457 405 3528 X,
419 3477 448 3516 ν.
474 3459 541 3528 383,
566 3477 603 3514 ex
623 3477 681 3534 quo
702 3455 812 3516 Fabric.
824 3455 923 3534 posuit
946 3452 1080 3533 ἐναίσιμος
1091 3475 1146 3532 pro

177 3551 298 3631 αἰνίοιμος,
307 3555 378 3633 quod
394 3555 424 3612 in
436 3554 519 3613 editis
540 3567 609 3612 erat.
621 3553 702 3613 Idem
718 3553 818 3612 scribit
828 3551 890 3635 πρὶν
904 3551 984 3610 λύσαι
993 3553 1017 3610 θ’
1028 3551 1143 3634 ἑταίρους.

180 3651 321 3710 Wolfiauam
330 3653 480 3710 lectionem
491 3665 605 3710 secutus
619 3673 690 3712 sum.
791 3689 795 3692 -

214 3747 329 3826 Prodigus
343 3750 416 3807 etin
430 3749 596 3808 solutiorem
609 3749 717 3809 effusus
729 3749 891 3821 libidinem,
908 3749 938 3806 in
955 3760 1064 3806 tanturn
1075 3769 1145 3806 con-

183 3860 297 3924 temptum
305 3849 383 3922 veuit,
399 3862 432 3907 ut
447 3849 504 3925 ipsi
528 3849 679 3927 Antipatro
699 3848 786 3907 merit
800 3847 1048 3926 despicatissimus.
1073 3849 1143 3906 Plu-

188 3941 259 4000 meh.
267 3942 292 4000 iu
300 3941 378 4002 Phoc.
392 3945 418 4001 l:
430 3942 559 4021 Δημοίδης
618 3942 699 4010 οὕτως
713 3946 830 4022 ἀσελγῶς
844 3941 943 4023 βιώσας
961 3942 1006 4002 καὶ
1020 3945 1145 4000 πολιτευ-

189 4039 291 4116 σάμενος,
304 4037 358 4098 ὥστ’
372 4039 540 4122 Ἀντίπατρον
555 4044 636 4101 εἰπεῖν
647 4043 689 4101 ἐπ’
707 4043 787 4102 αὐτοῦ
797 4040 916 4122 γε’ροντος
932 4040 983 4110 ἤδη
995 4036 1144 4116 γεγονότος,

190 4131 342 4215 inmitium
362 4135 456 4216 ίερείου
480 4135 728 4218 διαπεπραγμίνου,
751 4138 860 4215 γλῶσσα
883 4133 928 4193 ιιαλ
953 4133 1040 4192 κοιλία
1064 4133 1142 4210 μόνον
