3194 5286
1122 622 1186 682 CXl
1288 621 1298 644 ⁹

198 754 431 843 dissimilem3
449 759 585 852 quippe
615 755 677 850 qui
697 751 811 839 exilis,
824 751 988 846 jejunus,
1006 749 1186 850 inelegans

199 881 327 952 fecisse
359 878 443 950 satis
472 876 680 964 arbitretur,
719 878 748 946 si
783 874 894 946 modo
920 854 998 945 non
1026 871 1188 947 offendat

200 1008 320 1078 oratio
351 1027 437 1114 sua,
470 1016 507 1072 et
536 999 658 1099 verbis
685 999 947 1111 complectatur
976 999 1186 1110 quodvult

201 1128 311 1228 Apud
329 1151 414 1240 eprp
432 1125 507 1230 huc
535 1137 612 1234 ep
589 1091 673 1203 illuc
706 1139 909 1234 oqcutrunt.
930 1123 1040 1222 verbe
1073 1127 1189 1223 poeti-

202 1278 288 1324 cum
331 1253 452 1322 nescio
485 1208 575 1346 quid
607 1216 824 1334 redolentia,
857 1272 900 1320 ex
942 1247 1079 1344 quibus
1106 1250 1191 1344 Epi·
1292 1249 1294 1256 ’

203 1387 446 1472 grammatum
466 1376 661 1443 Auctorem
683 1367 787 1441 facile
812 1393 1004 1470 agnoscas3
1033 1370 1191 1468 plerum-

203 1522 277 1594 que
317 1511 437 1567 tamen
471 1508 525 1566 est
564 1493 667 1565 valde
704 1490 875 1590 frigidus,
905 1491 950 1594 de
980 1517 1055 1590 quo
1091 1492 1189 1564 haud

202 1622 390 1690 immerito
407 1599 553 1702 dixeris,
570 1616 606 1687 id
624 1615 726 1713 quod
744 1615 879 1686 Tullius
904 1615 949 1686 de
964 1620 1003 1686 T.
1016 1614 1190 1687 Albutio:

205 1743 419 1842 <perfectus
433 1745 631 1840 Epicureus
648 1755 825 1827 evaserat,
840 1743 990 1852 minime
1002 1755 1128 1838 aptum
1146 1739 1192 1812 ad

206 1863 401 1935 dicendum
430 1887 543 1960 genus
562 1862 705 1960 (306).»
720 1863 788 1934 Ad
812 1888 1010 1952 summam,
1032 1865 1133 1974 hunc
1150 1864 1193 1934 li-

206 1988 336 2062 benter
355 1988 582 2060 contulerim
582 2013 665 2064 cum
681 1971 787 2060 Sexto
805 1967 988 2097 Empirico
1004 1987 1049 2058 de
1067 1960 1194 2086 Gram-

209 2117 337 2182 matica
355 2126 391 2182 et
412 2109 604 2184 Rhetorica
632 2093 909 2222 declamitante:
926 2127 1091 2216 uterque
1097 2114 1193 2182 enim
1285 2139 1288 2148 ¹

208 2240 259 2305 in
269 2232 558 2336 argumentando
587 2256 817 2332 perpugnax‚
838 2232 972 2344 eadem.
993 2232 1067 2335 fere
1095 2232 1194 2342 apud

207 2371 405 2452 utrumque
421 2359 595 2428 orationis
612 2355 752 2427 siccitas
769 2353 882 2452 (307).

246 2593 327 2674 (306)
343 2595 402 2654 Cic.
421 2595 501 2668 Brut.
517 2593 627 2660 XXXV.

247 2690 328 2770 (307)
344 2693 411 2770 Hesp
426 2703 493 2764 sunt
509 2708 573 2768 quae
584 2689 621 2748 de
632 2687 949 2764 Rhilodemirhetorics
962 2687 1113 2766 disciplina
1123 2688 1196 2760 mihi

210 2790 275 2871 satis
288 2786 453 2868 prebebilia
464 2787 615 2858 videntum
628 2786 806 2858 intereadum
820 2786 903 2846 editis
917 2785 998 2848 libris
1008 2785 1197 2858 nonnihildu-

211 2887 293 2968 minis
322 2886 446 2944 afferent
479 2867 534 2963 qui
557 2897 712 2963 supersunt
743 2885 888 2963 vulgandi.
923 2887 1007 2945 Nunc
1042 2885 1197 2944 dicendum

211 2997 282 3062 esset
296 3003 425 3062 quonum
438 2983 541 3052 ordine
562 2981 652 3040 libros
670 3002 739 3041 suos
760 2983 796 3040 de
821 2986 891 3041 Arte
912 2983 1039 3052 oratoria
1060 2985 1197 3042 Nostrum

210 3081 383 3164 disposuisse
405 3100 545 3148 censeam.
562 3083 623 3144 Hac
644 3093 740 3156 auteur
766 3080 850 3138 dere
870 3092 931 3152 tum
951 3079 1066 3137 demum
1087 3089 1197 3137 certum

211 3178 265 3237 erit
273 3171 433 3256 judicium,
445 3177 563 3253 quando
578 3177 607 3234 in
623 3167 747 3254 publices
761 3175 832 3234 lucis
846 3194 961 3233 usuram
972 3175 1105 3233 venerint
1113 3175 1199 3233 volu-

211 3278 285 3334 mina
296 3275 394 3352 omnia
411 3293 475 3352 quse
491 3274 527 3332 de
540 3274 702 3357 Rhetorice
713 3271 850 3330 condidit.
867 3275 962 3346 Quum
978 3290 1047 3330 vero
1064 3273 1120 3330 tria
1132 3285 1198 3331 teu-

211 3371 359 3454 tummpdo
380 3370 546 3450 habuerim,
558 3369 758 3448 imprudenter
772 3389 833 3429 rem
846 3369 985 3441 facerem,
998 3368 1132 3428 sinuilus
1146 3370 1200 3428 du-

210 3467 330 3540 bitarem
351 3489 434 3546 suum
448 3468 567 3545 definire
588 3469 683 3530 locum
698 3467 816 3544 singulis
830 3467 962 3544 partibus
977 3466 1104 3544 aedificii,
1120 3467 1200 3548 quod

212 3563 304 3625 adhuc
317 3585 376 3622 non
389 3583 508 3642 prorsus
528 3585 544 3622 e
562 3561 714 3621 ruderibus
726 3563 845 3620 eruitur.

666 3806 772 3822 -n-n
