3194 5286
643 583 873 654 coccum
898 582 959 652 rx.
1141 605 1184 677 19

409 741 613 848 loricarum
633 757 943 832 exercitationum.
969 739 1184 831 idcircone·

413 931 613 1008 quaquamv
640 910 815 980 miremur
839 928 840 942 ¹
862 905 1059 979 nonnullos
1106 916 1184 979 'tan-

414 1053 606 1130 tummodo
627 1057 841 1154 praecepisse
865 1053 1012 1126 erudite
1032 1069 1096 1128 aut
1127 1060 1185 1168 in·

412 1205 553 1279 erudite
561 1191 873 1303 cumquibusdem
886 1203 1185 1304 disserere;quod

412 1351 563 1453 quidem
590 1351 652 1424 hic
687 1352 854 1451 Sophista
885 1368 1042 1426 statuere
1075 1378 1183 1426 ausus

412 1514 478 1592 est,
492 1497 643 1599 perinde
660 1521 701 1572 ac
720 1499 750 1568 si
771 1479 953 1570 doctrinas
971 1523 1099 1572 omnes
1114 1514 1183 1571 tra·

412 1642 540 1716 derant
551 1609 830 1718 exercitationes
840 1646 914 1713 sive
928 1645 1182 1739 grammaticae,

413 1767 497 1860 sive'
510 1787 681 1876 musicae,
718 1787 792 1857 sive
815 1788 1051 1883 geometricae.
1082 1785 1181 1878 Quid
1301 1771 1306 1790 ’

410 1933 507 2000 enim
531 1952 625 2028 opus
636 1944 689 2000 est
703 1927 931 2029 philosophis
943 1933 1019 2026 qui,
1031 1928 1187 2027 discipli·
1288 1981 1292 1991 f

407 2074 472 2146 nis.
486 2075 638 2168 minime
657 2079 854 2173 comparati
872 2074 918 2148 ad
932 2073 1181 2174 explicandum

409 2216 572 2288 oratione
603 2213 665 2298 illa
694 2239 776 2313 quae
807 2237 874 2314 per
904 2215 1103 2313 peculiares
1129 2218 1184 2286 in·

410 2361 615 2432 stitutiones
653 2357 843 2434 ediscenda
863 2371 991 2444 ··sunt,
1049 2361 1202 2437 rectius

292 2535 296 2546 »
358 2565 361 2573 ,
410 2512 531 2570 tamen
564 2499 768 2597 loquuntur
779 2509 971 2596 quamtum
985 2497 1091 2569 multi
1120 2501 1187 2596 qui
1245 2575 1247 2588 Ι

355 2632 357 2636 ’
406 2643 443 2709 in
463 2639 781 2712 exercitationibus
813 2653 1100 2726 consenuerunt3
1127 2640 1183 2711 vel

408 2778 534 2853 saltem
551 2779 738 2881 disputant
755 2779 970 2853 eruditionis
983 2805 1058 2853 non
1081 2806 1187 2879 pror·-

404 2947 468 2996 ,sus
504 2925 694 3022 expertes?
724 2923 834 3014 Quod
868 2927 898 2994 si
930 2923 990 2994 hic
1013 2921 1183 3020 Sophiste

408 3061 639 3134 solummodo
680 3061 816 3134 diceret
859 3062 1040 3135 rhetorice
1080 3062 1182 3158 loqui
1231 3086 1235 3094 ‘

410 3223 486 3272 esse
505 3201 646 3274 erudite
657 3201 772 3300 loqui,
794 3198 1002 3298 eloquentia
1032 3200 1182 3274 cuilibet

413 3339 474 3411 alii
500 3344 553 3412 rei
580 3366 665 3413 vere
692 3341 915 3440 praeferenda
935 3357 1048 3433 esset;
1081 3346 1184 3440 atqui

412 3445 491 3551 talis
508 3465 638 3580 etipse
660 3479 720 3552 hic
739 3481 899 3580 sophista
934 3507 972 3553 re
993 3507 1083 3556 vera
1108 3506 1185 3555 esse

408 3601 570 3720 videtur,
623 3631 771 3730 quando
812 3631 961 3728 quidem
992 3595 1187 3731 profitetur
1275 3638 1278 3644 ’

408 3769 488 3844 illos
519 3775 584 3870 qui
617 3771 836 3846 rhetoricam
879 3772 997 3848 edocti
1036 3774 1184 3847 fuerunt

409 3925 506 3986 recta
543 3916 706 4026 oratione
749 3929 833 3988 ante
849 3973 852 3978 .
871 3930 1018 3988 caeteros
1059 3940 1189 3988 omncsw

413 4055 494 4144 uti,
539 4056 854 4155 temeritatemque
890 4080 1036 4130 omnem
1062 4058 1099 4127 in
1131 4055 1185 4126 di·
1269 4124 1273 4129 Δ

410 4193 527 4266 ceudo
547 4191 717 4292 effugere.
748 4200 972 4270 Conveniens
991 4219 1067 4269 esse
1090 4195 1188 4267 addit

624 4401 636 4431 Ι
707 4408 711 4418 a
