3198 5288
1049 581 1158 637 Lxxv

307 803 346 876 3⁰
371 809 429 874 De
450 765 637 882 Rhetorica
654 781 758 904 ¹capra-cil
773 762 1021 902 Academsseosi
1081 859 1085 866 .

214 1055 399 1126 Socratem
422 1066 459 1127 et
479 1056 668 1130 Platonem
693 1050 850 1125 vidimus
866 1065 941 1126 tam
959 1055 1089 1124 aeriter
1106 1055 1162 1124 in·

171 1181 289 1247 vectos
316 1163 426 1238 fuisse
451 1169 488 1239 in
514 1166 709 1262 sophistas,
740 1179 783 1239 ut
806 1170 971 1242 oratorie
1000 1168 1069 1238 arti
1096 1169 1163 1238 crt-

171 1281 254 1352 mini
294 1295 478 1358 verterent
504 1281 597 1355 mala
630 1305 711 1377 quae
743 1305 915 1378 perverso
947 1281 1162 1378 eloquentie

170 1420 234 1466 usu
272 1394 541 1482 exoriebantur.
580 1401 746 1492 Utroque
784 1399 987 1480 exstincto,
1033 1420 1162 1470 eorum

170 1533 290 1598 mens,
316 1533 432 1606 usque
449 1513 571 1596 vivax,
597 1510 695 1607 apud
719 1509 951 1583 Academicos
977 1512 1162 1606 inpostea

170 1649 246 1699 rum
288 1623 489 1698 Rhetorica
521 1641 735 1724 perpetuam
765 1624 937 1697 conflavit
976 1623 1160 1698 invidiam.

169 1744 336 1815 Veterem
368 1742 462 1812 enim
480 1740 712 1822 Academiam
741 1764 852 1837 quam
878 1744 1103 1836 Speusippus
1126 1755 1163 1812 et

169 1859 398 1934 Xenocrates.
446 1858 763 1943 continuaverant,
807 1879 923 1952 quum
945 1855 1162 1952 *excepisset

169 1969 357 2041 Academia
388 1969 549 2041 Secundo
586 1971 643 2045 vel
684 1969 828 2056 Mediu;
856 1967 990 2046 deinde
1026 1967 1164 2044 Acade·

170 2089 235 2155 mia
286 2088 403 2155 Tertia
456 2086 508 2155 vel
547 2090 664 2174 Nova,
702 2086 862 2164 Platonis
896 2100 933 2162 et
969 2083 1163 2160 Carneadis
1192 2113 1193 2116 ¹

170 2200 352 2298 exemplo,
380 2199 584 2274 Academici
606 2201 772 2298 plerique
792 2201 1018 2296 Eloquentiae
1040 2207 1162 2269 cur'am

170 2313 367 2402 <lederu11t3
394 2315 499 2390 multi
527 2330 647 2392 tamen
676 2318 713 2387 iu
743 2313 942 2390 accusanda
970 2313 1163 2384 Rhetorica

171 2431 411 2525 quaesiterunt
428 2429 585 2503 laudem.

215 2544 458 2642 Philosophiae
489 2544 650 2619 studium
678 2549 814 2618 caeteris
840 2542 1040 2638 disciplinis
1067 2540 1164 2638 apud

171 2657 402 2740 Academicos
442 2661 593 2734 minime
625 2658 828 2733 interclusit
862 2658 1011 2730 aditum.
1044 2661 1165 2728 Xeno·

170 2787 284 2842 crates
312 2771 357 2842 de
384 2777 470 2843 Arte
495 2773 630 2844 librum
657 2772 770 2849 edidit
796 2771 917 2867 (166);
939 2774 1164 2869 Speusippus

170 2885 212 2956 de
241 2890 383 2957 Artium
415 2887 723 2984 reprehensione,
765 2887 952 2983 multaque
986 2885 1052 2956 alia
1082 2887 1166 2954 scri·

169 3006 239 3096 psit
260 2999 375 3098 (167).
395 3005 523 3098 Neque
549 3003 787 3102 philosophiae
807 3027 845 3074 se
863 3016 983 3072 toturn
1001 3001 1165 3099 permisit

168 3115 343 3187 Polemon
375 3121 432 3188 cui
465 3130 602 3186 tantam
621 3116 898 3220 admirationem
927 3120 1106 3186 Homerus
1128 3128 1165 3183 et

170 3229 368 3326 Sophocles
394 3231 609 3327 injecerant,
635 3247 678 3304 ut
694 3233 830 3304 diceret
854 3232 1007 3304 alterum
1028 3231 1165 3325 epiorum

170 3369 246 3416 esse
256 3345 479 3442 Sophoclem,
490 3347 645 3417 alterum
658 3351 829 3446 tragicum
846 3345 1037 3418 Homerum
1049 3344 1163 3440 (168).

169 3458 374 3530 Polemonis
398 3461 543 3532 auditor
572 3465 694 3532 Crates
728 3461 860 3531 librum
897 3460 940 3530 de
971 3459 1164 3542 Comoedia,

170 3575 424 3674 orationesque
456 3576 674 3674 composuit.
699 3577 789 3665 Quis
815 3575 1061 3672 eloquentiam
1092 3601 1166 3644 ma·

170 3713 333 3788 gnopere
350 3689 506 3762 coluisse
527 3708 636 3790 neget
654 3697 885 3780 Crantorem‚
908 3716 1014 3789 quem
1032 3692 1077 3762 ad
1089 3690 1167 3762 do·

208 3917 290 3996 (166)
305 3919 388 3995 Πίος.
406 3923 501 3981 Laert.
516 3921 566 3992 tv,
586 3939 630 3980 ta.

208 4017 293 4094 (167)
303 4015 385 4076 ldem
394 4059 404 4086 ,
421 4015 492 4077 ibid.
507 4026 544 4086 Aa
557 4016 734 4081 καταλέλοιπε
750 4017 778 4080 δὲ
799 4017 973 4097 πάμπλειστα
986 4013 1166 4093 ὑπομνήματα

170 4109 216 4169 καὶ
230 4110 504 4198 διαλόγουςπλείονᾳς
524 4115 583 4172 κτλ.

210 4209 292 4288 (168)
314 4210 403 4285 ldern,
424 4212 495 4270 ibid.
511 4231 556 4272 20.
653 4265 655 4274 .
