3174 5284
385 541 452 616 130
701 523 1045 598 assertatores

379 729 466 788 λουθιῖ
478 725 498 794 ἡ
508 715 676 803 ἁρμόττουσα
689 710 795 792 ἑκάστῳ
807 707 877 788 γόνιι
886 705 932 768 καλ
948 703 1019 775 ἔξει·
1032 701 1103 782 λόγον
1114 699 1151 777 δὲ,
1162 700 1235 780 γένος
1248 681 1295 777 pit
1312 697 1374 758 καθ’

379 820 501 897 allenium
522 806 576 876 olor
593 807 701 886 παῑς,ἢ
722 803 805 889 ἀνὴρ,
824 801 842 878 ἢ
856 796 957 887 γέρων·
975 799 1022 861 καλ
1039 797 1118 880 γυνὴ,
1129 798 1175 859 καλ
1186 793 1262 879 ἀνήρ.

791 967 957 994 *⁴000*-

704 1088 926 1172 COLUMNA
950 1094 1047 1163 XXI.
1074 1076 1077 1080 ⁵

417 1279 451 1339 V.
466 1275 493 1334 3.
508 1267 588 1335 Κατὰ
600 1264 751 1331 τούτους...
770 1256 866 1330 Karai,
878 1258 909 1317 h.
930 1257 950 1314 l.
965 1249 1200 1314 convenientiam
1220 1250 1373 1330 signifieat,

376 1390 409 1437 ut
420 1371 507 1436 reddi.
526 1364 619 1447 possit
631 1361 796 1430 seeundum,
811 1355 857 1415 vel
865 1362 963 1430 jueta.
981 1351 1025 1412 ef.
1049 1352 1086 1410 ll.
1105 1348 1245 1428 Stephau.
1270 1347 1372 1420 Thes„

377 1489 399 1538 ι,
413 1472 450 1546 ll,
464 1489 495 1550 p.
509 1467 558 1544 89,
581 1461 628 1521 ed.
643 1477 713 1519 ano.
734 1452 886 1532 1572,ubi
901 1451 971 1510 citat
984 1447 1148 1526 synesium,
1161 1444 1254 1524 Epist.
1265 1445 1294 1504 ll
1306 1467 1315 1502 ο
1328 1443 1373 1504 Ol

376 1567 427 1652 γὰρ
442 1564 502 1628 κατ’
513 1556 627 1641 ἐμαυτόν
641 1544 708 1614 εἶναι
720 1549 765 1611 τόν
776 1547 878 1626 κόσμον
893 1544 1049 1626 ἐλογιζόμην
1063 1547 1111 1603 τοῦ
1125 1540 1297 1624 πράγματος,
1308 1543 1328 1600 i.
1343 1561 1371 1600 e.

358 1688 437 1728 oon
465 1665 691 1726 consentaneum
717 1649 789 1710 mihi
813 1659 843 1707 et
880 1664 936 1725 pro
968 1644 1040 1704 meis
1073 1639 1275 1709 facultatibus,
1294 1639 1372 1712 ¹vel,

376 1763 449 1828 mihi
469 1749 700 1824 convenientem,
725 1747 838 1805 docent.
857 1741 973 1802 Budaeo.

415 1861 451 1924 V.
466 1859 532 1936 8-9.
543 1851 745 1928 Παιδαγωγοῖς.
757 1885 786 1902 ..
804 1839 974 1920 Cogitabam
991 1837 1028 1896 de
1050 1837 1271 1915 παιδαγωγικοῑς,
1291 1832 1371 1912 quod

328 1974 331 1979 ·
375 1957 499 2017 libenter
512 1949 665 2012 admittere
694 1939 871 2000 videbantur
893 1935 1018 2014 spatium
1033 1945 1063 1991 et
1073 1949 1184 1990 seusus.

414 2055 449 2114 V.
465 2059 512 2126 ιγ.
527 2044 647 2128 Φρίνας.
659 2081 687 2102 ..
712 2041 756 2098 De
775 2055 834 2116 quo
846 2035 882 2094 ll.
906 2031 1045 2112 stephan.
1059 2029 1150 2093 Thes.
1173 2028 1192 2088 l.
1214 2028 1252 2101 l..
1274 2037 1295 2085 t.
1316 2027 1370 2097 IV,

375 2173 407 2233 p.
424 2158 479 2228 ¹94
493 2169 501 2207 ι
515 2171 529 2199 α
541 2136 749 2205 Soluto-oratio
766 2132 909 2213 pluralem
930 2147 1074 2207 usurpans
1092 2125 1191 2206 potius
1208 2141 1296 2204 quam
1314 2123 1372 2182 sin-

376 2250 515 2331 gularem,
527 2263 563 2302 eo
575 2235 735 2319 siguificare
748 2232 823 2292 solet
834 2249 912 2288 saure
924 2228 1029 2285 mentio
1050 2224 1201 2297 allectum,
1220 2233 1254 2280 ut
1273 2221 1315 2280 ita
1327 2220 1373 2280 tli-

377 2365 450 2420 cam,
470 2354 520 2404 aut
542 2338 631 2398 etiam
642 2328 838 2412 prudentiam.
850 2323 935 2386 Unde
949 2321 1056 2400 aliquis
1072 2319 1179 2379 dieitur
1192 2315 1288 2401 φρένας
1300 2314 1372 2395 ἔχειν

376 2455 406 2504 et
416 2451 517 2501 contra
528 2434 578 2506 ἕξω
589 2419 856 2515 φρενῶνκσθεστός.»
868 2421 984 2492 Noster,
994 2417 1139 2478 Rhetoric.
1148 2413 1272 2492 Neapoli
1283 2411 1373 2487 edita,

378 2561 446 2600 auu.
464 2535 549 2609 1835,
571 2531 626 2590 col.
638 2529 679 2603 X,
691 2547 718 2584 ν.
739 2525 836 2582 8-12:
851 2516 910 2578 Kal
920 2514 972 2598 γὰρ
986 2511 1160 2596 οἱφιλόσοφοι
1174 2515 1265 2572 τοῦτον
1278 2509 1373 2570 ἵσταν·

376 2661 423 2698 ναι
436 2631 480 2695 τόν
494 2629 602 2714 τρόπον,
618 2627 641 2686 el
656 2622 694 2704 μὴ
704 2619 751 2682 καλ
763 2619 815 2677 τῶν
831 2613 920 2676 ἄλλων
933 2614 958 2673 οἱ
972 2610 1067 2694 φρένας
1078 2608 1191 2690 ἔχοντας.

417 2733 453 2792 V.
476 2738 579 2798 rt-oo.
602 2721 645 2783 Οὐ
666 2709 939 2798 περὶ-προσήκειν.
951 2752 980 2770 ..
998 2711 1068 2766 Haeo
1086 2705 1165 2784 jacta
1183 2703 1320 2763 videntur
1339 2703 1372 2761 in

379 2831 512 2890 rhetores
535 2821 603 2900 qui,
623 2815 785 2876 orationem
807 2828 861 2890 per
884 2804 1014 2865 membra
1032 2803 1064 2886 ip
1091 2803 1236 2862 infinitum
1259 2800 1373 2858 discer-

378 2924 497 3006 pebant.
532 2921 605 2980 Post
638 2907 804 2994 προσήκειν,
830 2899 1104 2978 subintelligendum
1125 2911 1169 2957 est
1191 2893 1284 2976 λόγους
1310 2912 1375 2954 ποι-

378 3027 477 3097 εῖσθαι,
504 3030 554 3078 aut
588 3011 740 3091 quidpiam
761 3004 827 3063 tale.
859 2997 946 3072 Quod
971 2997 1008 3056 ad
1034 2993 1224 3076 ὖποξαιφέσεων
1249 2992 1375 3066 adtinet,

378 3125 409 3184 h.
432 3121 452 3182 l.
475 3117 557 3178 innui
580 3111 718 3173 videntur
744 3123 779 3163 ea
805 3117 870 3180 quae
894 3098 1079 3176 Hermagorae
1096 3091 1257 3173 exprobrat
1277 3090 1375 3164 Quin-

378 3216 533 3295 ctil.,111,
557 3213 597 3270 6:
626 3236 639 3262 α
659 3208 719 3268 Nos
754 3200 792 3260 ad
821 3199 1036 3275 Hermagoram.
1071 3195 1291 3250 musonem
1324 3187 1375 3246 hie

378 3317 492 3396 primus
510 3309 639 3370 omnium
657 3297 804 3378 tradidit:
823 3311 999 3374 quamquem
1020 3289 1130 3350 semina
1158 3285 1220 3367 ejus
1241 3283 1375 3366 quadam

378 3416 453 3476 eitra
472 3429 579 3471 nomen
602 3406 698 3485 ipsum
717 3397 798 3478 apud
826 3392 1010 3455 Aristotelem
1035 3388 1231 3468 reperiuntur.
1256 3388 1377 3463 Legatos

379 3524 477 3572 autem
497 3504 668 3586 qtmstioues
691 3493 838 3567 hasieoit‚
864 3495 957 3567 serapti
982 3500 1012 3547 et
1024 3489 1176 3545 voluntatis
1191 3482 1296 3562 (quam
1309 3481 1375 3559 lpse

379 3617 466 3667 vocat
476 3599 546 3665 κατὰ
564 3597 642 3683 ῥητὸν
656 3594 703 3656 καλ
723 3586 898 3671 ὑπεξαίρεσιν,
923 3584 1034 3656 idest,
1054 3581 1214 3642 seeundum
1228 3581 1330 3639 dietum
1344 3589 1377 3636 et

378 3709 566 3781 exceptionem
581 3711 730 3774 :quorum
751 3687 832 3767 prius
852 3682 879 3742 ei
901 3676 1115 3740 oumomnibus
1137 3693 1291 3736 commune
1315 3685 1376 3747 est,

379 3802 663 3878 exeeptmnisnomen
676 3786 771 3846 minus
785 3775 945 3856 usitatum).
956 3801 970 3830 ν
984 3778 1061 3838 Ante
1075 3772 1288 3840 Philodemum,
1299 3769 1377 3830 hane

380 3895 527 3962 Orationis
539 3889 711 3950 divisionem
723 3882 756 3940 in
769 3888 866 3959 partes
875 3874 1000 3934 minutas
1006 3884 1036 3932 et
1049 3871 1139 3932 exiles
1156 3865 1377 3949 improbaverat

253 4057 256 4066 .
381 3996 511 4067 Aristot,
522 3988 606 4050 llhet.
615 3985 666 4056 ΙΙΙ,
681 3981 716 4040 13
730 3975 832 4037 :²¹an
851 3970 879 4032 li
899 3972 946 4030 τοῦ
963 3968 1044 4048 λόγου
1066 3966 1112 4027 δόο
1126 3964 1212 4047 μέρη·
1229 3966 1375 4042 ἀναγκαῖον

379 4094 430 4176 γὰρ
439 4089 472 4164 ,τό
483 4113 512 4150 σε
522 4094 635 4170 πρᾶγμα
649 4081 730 4140 εἰπεῖν
744 4073 805 4158 περὶ
818 4064 866 4146 οὗ,
880 4067 925 4130 καὶ
937 4065 993 4127 τότ’
1005 4064 1155 4135 ἀποδεῖξαι.
1167 4109 1174 4124 .
1188 4107 1214 4124 ..
1230 4060 1377 4140 Ἀναγκαῑα

379 4191 432 4274 ἄρα
450 4187 539 4270 μόρια,
553 4180 673 4266 πρόθεσις
687 4174 732 4238 καλ
744 4172 845 4238 πίστις·
863 4168 918 4228 ἴδια
933 4163 981 4244 μὲν
999 4155 1043 4226 οὖν
1054 4168 1152 4224 vaira·
1166 4159 1200 4220 τό
1211 4158 1239 4218 li
1250 4161 1375 4232 πλεῖστα,
