3194 5286
391 553 576 614 LXXXVIII

390 699 517 795 (ανδ),
554 697 651 769 utilis
689 711 808 770 tamen
840 711 879 770 et
908 697 1061 772 honesta
1095 701 1234 772 censeri
1266 725 1387 800 coepe-

389 829 463 903 rat,
499 817 549 885 ita
576 828 615 884 ut
648 813 751 884 multi
783 837 861 884 eam
887 813 1041 911 praesidii
1069 837 1177 886 causa
1205 829 1243 888 et
1265 816 1387 912 gloria

392 943 605 1028 appeterent
625 928 728 1024 (2¹4)
745 910 767 1009 ,’
791 951 906 1025 quum
929 928 1150 1020 Carneades,
1183 933 1385 1028 Diogenes,

398 1045 578 1116 Critolaus
611 1047 765 1115 Romam
789 1043 897 1139 legati
935 1058 1116 1116 venerunt
1152 1043 1265 1142 (215).
1299 1046 1387 1137 Qui-

391 1155 463 1228 bus
479 1155 622 1246 auditis,
641 1157 802 1252 flagravit
822 1181 974 1228 romana
987 1159 1162 1252 juventus
1181 1157 1387 1230 incredibili

393 1269 556 1366 quodam
568 1268 952 1366 eloquentiaestudiola
962 1269 1031 1367 16),
1045 1269 1147 1367 quod
1159 1274 1389 1369 exstinguere

391 1593 449 1652 que
464 1585 525 1632 arte
539 1573 740 1632 commentarii
753 1572 896 1630 feruutur.
914 1572 1080 1632 Secundum
1096 1591 1182 1651 quam
1201 1574 1388 1634 consuetudi-

391 1689 459 1728 nem
479 1669 654 1749 posteriores
671 1688 790 1746 quoque
808 1668 962 1743 existimo,
982 1689 1158 1748 quamquam
1175 1669 1237 1747 jam
1255 1669 1388 1730 discretis

391 1765 635 1844 professionibus,
658 1765 847 1824 nihilominus
865 1766 911 1825 vel
924 1767 1098 1839 retinuisse,
1115 1769 1159 1825 rel
1177 1767 1335 1827 instituisse
1357 1781 1388 1828 et

391 1865 470 1942 ipsos
486 1863 619 1942 quasdam
638 1883 743 1942 genera
760 1864 976 1923 institutionum
993 1865 1031 1924 ad
1051 1865 1248 1944 eloquentiam
1270 1887 1388 1945 praepa-

391 1961 527 2036 randam,
542 1975 577 2020 ut
593 1961 795 2040 problemata,
810 1962 1021 2040 paraphrases,
1042 1963 1247 2038 allocutiones,
1267 1964 1386 2024 etholo—

392 2061 471 2138 gias,
493 2071 579 2137 atque
601 2059 657 2118 alia
676 2058 732 2118 hoc
754 2079 859 2138 genus3
883 2079 920 2117 ne
941 2060 1049 2118 scilicet
1067 2060 1135 2119 sicci
1156 2061 1276 2120 omnino
1300 2074 1389 2140 atque

393 2155 467 2213 aridi
484 2155 569 2234 pueri
581 2153 745 2214 rhetoribus
765 2155 979 2214 traderentur.»

412 2251 1390 2331 (213)Suetonmsctantthetor.1:«Quodnecuidubiumsisvetus

394 2351 932 2424 senamsconsultum,item'censorium
945 2349 1239 2428 edictum,suhjiciam
1248 2375 1310 2410 ι--α
1319 2353 1390 2412 Caio

394 2450 504 2508 Fannio
515 2449 712 2524 strabonem.
721 2448 837 2507 Valerio
848 2449 981 2520 Messala,
991 2447 1169 2520 consulibus,
1181 2452 1295 2509 Marcus
1302 2452 1389 2511 Pom-

394 2547 499 2624 ponius
517 2559 624 2624 praetor
639 2558 769 2605 senatum
784 2545 937 2605 consuluit.
955 2546 1043 2618 Quod
1062 2545 1152 2605 verba
1169 2546 1246 2604 facta
1265 2559 1333 2606 sunt
1352 2547 1390 2606 de

393 2643 578 2720 Philosophis
594 2656 622 2700 et
645 2642 681 2700 de
699 2640 894 2714 Rhetoribus,
913 2640 950 2699 de
973 2661 1007 2699 ea
1031 2642 1116 2700 reita
1138 2657 1333 2701 censuerunt:
1354 2655 1388 2702 ut

394 2743 437 2797 Μ.
449 2740 629 2816 Pomponius
643 2751 751 2816 praetor
772 2739 1030 2812 animadverteret,
1050 2750 1239 2817 curaretque,
1256 2741 1300 2798 uti
1324 2741 1351 2798 ei
1373 2761 1391 2800 c

395 2833 544 2914 republica
551 2836 666 2914 fideque
679 2855 731 2894 sua
740 2836 900 2908 videretur,
916 2838 1051 2896 utllomae
1064 2858 1102 2896 ne
1114 2849 1232 2896 essent.»
1241 2873 1280 2882 -
1289 2840 1332 2896 De
1344 2837 1391 2897 iis-

395 2932 471 3006 dem,
484 2917 639 3010 inteq'ecto
653 2945 794 3012 tempore,
816 2935 869 2993 Cn.
882 2933 1028 2992 Domitius
1045 2933 1228 2993 AEnobarhus
1243 2949 1273 2994 et
1294 2935 1326 2994 L.
1338 2935 1389 2996 Li—

394 3031 487 3091 cinius
498 3033 628 3106 Crassus,
647 3051 792 3103 censores,
806 3033 845 3090 ita
857 3032 1024 3090 edixerunt:
1040 3033 1270 3092 «Renuntiatum
1282 3046 1325 3092 est
1336 3053 1393 3091 no‹

395 3129 449 3200 bis,
465 3149 527 3188 esse
552 3129 698 3200 homines,
719 3131 770 3207 qui
791 3149 899 3188 novum
917 3150 1006 3207 genus
1025 3129 1185 3209 disciplinae
1204 3131 1392 3190 instituerunt

395 3259 434 3270 -
447 3225 531 3283 nobis
548 3245 607 3282 non
620 3225 744 3302 placere.
755 3253 766 3276 »
781 3226 824 3284 Cf.
842 3226 908 3287 Aul.
919 3227 994 3285 Gell.
1009 3227 1070 3299 XV,
1086 3248 1130 3285 ιι.

438 3321 519 3398 (214)
537 3323 654 3380 Sueton.
666 3320 738 3380 ibid.

436 3418 516 3498 (215)
538 3421 581 3477 De
593 3419 641 3476 illa
657 3419 809 3497 legatione,
830 3422 865 3479 cl.
883 3421 942 3480 Cic.
967 3423 1010 3479 Dr
1024 3417 1163 3490 Orat'll,
1177 3422 1228 3490 373
1243 3419 1391 3480 Plutarch.

397 3517 458 3572 (lat.
472 3514 538 3590 maj.
551 3515 646 3583 XXII3
658 3517 721 3575 Aut.
738 3516 811 3575 Gett.
826 3517 888 3582 VII,
906 3525 950 3583 tl.

436 3611 517 3690 (216)
534 3611 681 3670 Plutarch.
709 3615 729 3670 l.
752 3615 781 3686 λ,
800 3614 898 3674 XXII:
912 3611 986 3676 εὐθὺς
1015 3601 1059 3668 οὖν
1080 3613 1104 3668 οἱ
1118 3606 1325 3691 φιλολογώτατοι
1338 3614 1392 3670 τῶν

397 3707 539 3768 νεανίσκων
554 3709 598 3767 ἐπὶ
613 3707 675 3778 τοὺς
686 3706 781 3790 ἄνδρας
793 3707 873 3788 ἵεντο,
894 3708 939 3767 καὶ
958 3711 1074 3780 συνῆσαν
1088 3705 1250 3787 ἀκροώμενοι
1264 3707 1310 3766 καλ
1324 3711 1392 3766 δαυ-

398 3805 647 3884 μάζοντεςαῦτοάς.
670 3806 797 3866 Μάλιστα
816 3805 839 3864 δ’
854 3811 871 3879 ἡ
887 3805 1041 3886 Καρνεάδου
1060 3803 1157 3886 χάρις,
1177 3795 1208 3876 ἧς
1232 3803 1342 3882 δύναμίς
1362 3825 1393 3864 τε

396 3902 518 3975 πλείστη,
541 3903 585 3962 καὶ
608 3901 670 3972 δόξα
685 3906 731 3974 τῆς
745 3901 880 3981 δυνάμεως
891 3904 938 3963 οὐκ
954 3899 1116 3975 ἀποδέουσα,
1130 3900 1254 3980 μεγάλων
1265 3899 1393 3960 ἐπιλαδο-

398 3999 465 4076 μένη
486 3999 530 4059 καλ
552 3997 743 4082 φιλανθρώπων
759 3999 956 4081 ἀκροατηρίων,
978 4003 1013 4067 ὡς
1034 4003 1149 4078 πνεῦμα,
1167 3997 1216 4071 τλν
1234 3997 1310 4058 πάλιν
1323 4001 1393 4078 ἠχῆς

397 4095 536 4169 ἐνέπλησε.
554 4096 610 4157 Καὶ
630 4094 705 4174 λόγος
716 4104 855 4175 κατεῖχεν,
869 4097 904 4162 ὣς
920 4093 986 4176 ἀνὴρ
997 4093 1102 4168 Ἕλλην
1119 4097 1155 4163 εἰς
1172 4091 1298 4168 ἔκπληξιν
1313 4098 1393 4176 ὓπερ-

397 4189 473 4272 ρυὴς,
495 4193 583 4253 πάντα
600 4193 687 4266 κηλῶν
709 4191 752 4252 καλ
774 4191 952 4276 χειρούμενος,
977 4193 1061 4274 ἔρωτα
1073 4193 1154 4253 δεινὸν
1176 4190 1326 4270 ἐρὸέὸληκε
1340 4201 1393 4258 τοῖς
