<?xml version="1.0" encoding="UTF-8"?>
<!DOCTYPE html PUBLIC "-//W3C//DTD XHTML 1.0 Transitional//EN"
    "http://www.w3.org/TR/xhtml1/DTD/xhtml1-transitional.dtd">
<html xmlns="http://www.w3.org/1999/xhtml" xml:lang="en" lang="en">
 <head>
  <title>
</title>
<meta http-equiv="Content-Type" content="text/html;charset=utf-8" />
  <meta name='ocr-system' content='tesseract 3.04.00' />
  <meta name='ocr-capabilities' content='ocr_page ocr_carea ocr_par ocr_line ocrx_word'/>
</head>
<body>
  <div class='ocr_page' id='page_1' title='image "./philodemirhetor01philgoog_0315.png"; bbox 0 0 3178 5278; ppageno 0'>
   <div class='ocr_carea' id='block_1_1' title="bbox 403 567 1064 654">
    <p class='ocr_par' dir='ltr' id='par_1_1' title="bbox 403 567 1064 654">
     <span class='ocr_line' id='line_1_1' title="bbox 403 567 1064 654; baseline 0.018 -25"><span class='ocrx_word' id='word_1_1' title='bbox 403 583 469 654; x_wconf 78' lang='lat'>¹7²</span> <span class='ocrx_word' id='word_1_2' title='bbox 704 567 1064 642; x_wconf 70' lang='lat' dir='ltr'><strong>-Artttttrtttotttts</strong></span> 
     </span>
    </p>
   </div>
   <div class='ocr_carea' id='block_1_2' title="bbox 364 723 1479 1384">
    <p class='ocr_par' dir='ltr' id='par_1_2' title="bbox 364 723 1479 1384">
     <span class='ocr_line' id='line_1_2' title="bbox 437 723 1395 822; baseline 0.026 -45"><span class='ocrx_word' id='word_1_3' title='bbox 437 725 472 781; x_wconf 86' lang='lat' dir='ltr'>V.</span> <span class='ocrx_word' id='word_1_4' title='bbox 492 723 594 782; x_wconf 81' lang='lat'>15-16.</span> <span class='ocrx_word' id='word_1_5' title='bbox 610 723 676 782; x_wconf 78' lang='grc' dir='ltr'>Ἐπί</span> <span class='ocrx_word' id='word_1_6' title='bbox 689 731 737 784; x_wconf 78' lang='grc' dir='ltr'>τοῦ</span> <span class='ocrx_word' id='word_1_7' title='bbox 749 726 892 810; x_wconf 80' lang='grc' dir='ltr'>παρόντος.</span> <span class='ocrx_word' id='word_1_8' title='bbox 905 774 912 788; x_wconf 90' lang='grc'><strong>.</strong></span> <span class='ocrx_word' id='word_1_9' title='bbox 925 778 931 791; x_wconf 93' lang='grc'><strong>.</strong></span> <span class='ocrx_word' id='word_1_10' title='bbox 957 732 1034 804; x_wconf 86' lang='lat' dir='ltr'><strong>Quid</strong></span> <span class='ocrx_word' id='word_1_11' title='bbox 1046 732 1108 792; x_wconf 84' lang='lat' dir='ltr'>haee</span> <span class='ocrx_word' id='word_1_12' title='bbox 1123 735 1284 819; x_wconf 82' lang='lat' dir='ltr'><strong>significent</strong></span> <span class='ocrx_word' id='word_1_13' title='bbox 1296 743 1395 822; x_wconf 87' lang='lat' dir='ltr'><strong>expli-</strong></span> 
     </span>
     <span class='ocr_line' id='line_1_3' title="bbox 399 821 1479 909; baseline 0.023 -33"><span class='ocrx_word' id='word_1_14' title='bbox 399 831 466 877; x_wconf 81' lang='lat' dir='ltr'><strong>cent</strong></span> <span class='ocrx_word' id='word_1_15' title='bbox 478 837 589 896; x_wconf 11' lang='lat' dir='ltr'><strong>sanquae</strong></span> <span class='ocrx_word' id='word_1_16' title='bbox 601 821 690 879; x_wconf 79' lang='lat' dir='ltr'>tradit</span> <span class='ocrx_word' id='word_1_17' title='bbox 710 823 809 902; x_wconf 79' lang='lat' dir='ltr'><strong>Sopet.</strong></span> <span class='ocrx_word' id='word_1_18' title='bbox 821 825 918 885; x_wconf 77' lang='lat' dir='ltr'><strong>schol.</strong></span> <span class='ocrx_word' id='word_1_19' title='bbox 931 827 961 886; x_wconf 87' lang='lat' dir='ltr'>in</span> <span class='ocrx_word' id='word_1_20' title='bbox 975 829 1109 909; x_wconf 81' lang='lat' dir='ltr'><strong>Hermog.</strong></span> <span class='ocrx_word' id='word_1_21' title='bbox 1124 833 1167 892; x_wconf 87' lang='lat' dir='ltr'>De</span> <span class='ocrx_word' id='word_1_22' title='bbox 1178 831 1321 896; x_wconf 78' lang='lat' dir='ltr'><strong>stttibus:</strong></span> <span class='ocrx_word' id='word_1_23' title='bbox 1334 839 1393 900; x_wconf 83' lang='grc' dir='ltr'>Καί</span> <span class='ocrx_word' id='word_1_24' title='bbox 1477 901 1479 908; x_wconf 82' lang='grc'>,</span> 
     </span>
     <span class='ocr_line' id='line_1_4' title="bbox 398 913 1393 1012; baseline 0.022 -40"><span class='ocrx_word' id='word_1_25' title='bbox 398 913 451 996; x_wconf 76' lang='grc' dir='ltr'>γάρ</span> <span class='ocrx_word' id='word_1_26' title='bbox 461 914 504 974; x_wconf 83' lang='grc' dir='ltr'>έπί</span> <span class='ocrx_word' id='word_1_27' title='bbox 515 915 784 1006; x_wconf 24' lang='grc' dir='ltr'>τοῶιπαράντοςλθγοε</span> <span class='ocrx_word' id='word_1_28' title='bbox 792 920 893 1004; x_wconf 81' lang='grc' dir='ltr'>μὲνάρ’</span> <span class='ocrx_word' id='word_1_29' title='bbox 903 923 1034 1006; x_wconf 73' lang='grc' dir='ltr'>ἑκατέρων</span> <span class='ocrx_word' id='word_1_30' title='bbox 1047 927 1197 1009; x_wconf 82' lang='grc' dir='ltr'>προσώπων</span> <span class='ocrx_word' id='word_1_31' title='bbox 1205 931 1279 1002; x_wconf 81' lang='grc' dir='ltr'>εἰσίν,</span> <span class='ocrx_word' id='word_1_32' title='bbox 1293 935 1324 993; x_wconf 82' lang='grc' dir='ltr'>οὔ</span> <span class='ocrx_word' id='word_1_33' title='bbox 1337 931 1393 1012; x_wconf 75' lang='grc' dir='ltr'>μὴν</span> 
     </span>
     <span class='ocr_line' id='line_1_5' title="bbox 398 1011 1393 1111; baseline 0.022 -42"><span class='ocrx_word' id='word_1_34' title='bbox 398 1011 519 1095; x_wconf 81' lang='grc' dir='ltr'>ἰσχυροί·</span> <span class='ocrx_word' id='word_1_35' title='bbox 533 1014 593 1072; x_wconf 77' lang='grc' dir='ltr'>ἀλλ’</span> <span class='ocrx_word' id='word_1_36' title='bbox 606 1013 665 1092; x_wconf 63' lang='lat' dir='ltr'><strong>eiiii</strong></span> <span class='ocrx_word' id='word_1_37' title='bbox 682 1015 770 1089; x_wconf 82' lang='grc' dir='ltr'>πάντη</span> <span class='ocrx_word' id='word_1_38' title='bbox 789 1019 1004 1098; x_wconf 78' lang='grc' dir='ltr'>ἐλλελειμμένοι,</span> <span class='ocrx_word' id='word_1_39' title='bbox 1026 1023 1085 1082; x_wconf 82' lang='grc' dir='ltr'>ἀλλ’</span> <span class='ocrx_word' id='word_1_40' title='bbox 1103 1024 1140 1084; x_wconf 82' lang='grc' dir='ltr'>ένί</span> <span class='ocrx_word' id='word_1_41' title='bbox 1155 1021 1202 1104; x_wconf 84' lang='grc' dir='ltr'>μέν</span> <span class='ocrx_word' id='word_1_42' title='bbox 1221 1027 1294 1111; x_wconf 92' lang='grc' dir='ltr'>μέρει</span> <span class='ocrx_word' id='word_1_43' title='bbox 1312 1031 1393 1090; x_wconf 78' lang='grc' dir='ltr'>ἔλλε-</span> 
     </span>
     <span class='ocr_line' id='line_1_6' title="bbox 364 1107 1392 1207; baseline 0.02 -41"><span class='ocrx_word' id='word_1_44' title='bbox 364 1148 367 1154; x_wconf 88' lang='lat'><em>-</em></span> <span class='ocrx_word' id='word_1_45' title='bbox 399 1107 536 1188; x_wconf 86' lang='grc' dir='ltr'>λειμμένοι</span> <span class='ocrx_word' id='word_1_46' title='bbox 559 1111 605 1171; x_wconf 79' lang='grc' dir='ltr'>καί</span> <span class='ocrx_word' id='word_1_47' title='bbox 625 1112 755 1186; x_wconf 85' lang='grc' dir='ltr'>πλείονες,</span> <span class='ocrx_word' id='word_1_48' title='bbox 768 1119 807 1194; x_wconf 80' lang='grc' dir='ltr'>τῷ</span> <span class='ocrx_word' id='word_1_49' title='bbox 828 1115 855 1175; x_wconf 80' lang='grc' dir='ltr'>δέ</span> <span class='ocrx_word' id='word_1_50' title='bbox 873 1116 954 1200; x_wconf 71' lang='grc' dir='ltr'>ἑτέρῳ</span> <span class='ocrx_word' id='word_1_51' title='bbox 970 1118 1147 1201; x_wconf 66' lang='grc' dir='ltr'>εὐτελέστεροι</span> <span class='ocrx_word' id='word_1_52' title='bbox 1163 1121 1227 1202; x_wconf 78' lang='grc' dir='ltr'>μέν,</span> <span class='ocrx_word' id='word_1_53' title='bbox 1240 1123 1345 1207; x_wconf 79' lang='grc' dir='ltr'>ἔχοντες</span> <span class='ocrx_word' id='word_1_54' title='bbox 1361 1125 1392 1187; x_wconf 82' lang='grc' dir='ltr'>δέ</span> 
     </span>
     <span class='ocr_line' id='line_1_7' title="bbox 398 1203 1391 1302; baseline 0.021 -39"><span class='ocrx_word' id='word_1_55' title='bbox 398 1203 463 1290; x_wconf 83' lang='grc' dir='ltr'>πρθς</span> <span class='ocrx_word' id='word_1_56' title='bbox 484 1206 532 1279; x_wconf 76' lang='grc' dir='ltr'>την</span> <span class='ocrx_word' id='word_1_57' title='bbox 556 1208 699 1288; x_wconf 76' lang='grc' dir='ltr'>ἀπολογίαν</span> <span class='ocrx_word' id='word_1_58' title='bbox 719 1211 813 1292; x_wconf 77' lang='grc' dir='ltr'>ἰσχύν·</span> <span class='ocrx_word' id='word_1_59' title='bbox 831 1213 930 1274; x_wconf 81' lang='grc' dir='ltr'>διὸκαὶ</span> <span class='ocrx_word' id='word_1_60' title='bbox 953 1217 1121 1300; x_wconf 75' lang='grc' dir='ltr'>έτερορρεπές</span> <span class='ocrx_word' id='word_1_61' title='bbox 1132 1218 1245 1301; x_wconf 83' lang='grc' dir='ltr'>λέγεται.</span> <span class='ocrx_word' id='word_1_62' title='bbox 1268 1225 1320 1285; x_wconf 78' lang='lat' dir='ltr'><strong>tth.</strong></span> <span class='ocrx_word' id='word_1_63' title='bbox 1345 1243 1391 1302; x_wconf 84' lang='grc' dir='ltr'>ρο.</span> 
     </span>
     <span class='ocr_line' id='line_1_8' title="bbox 401 1304 1391 1384; baseline 0.019 -24"><span class='ocrx_word' id='word_1_64' title='bbox 401 1304 489 1380; x_wconf 65' lang='lat' dir='ltr'><strong>Waiz.</strong></span> <span class='ocrx_word' id='word_1_65' title='bbox 500 1317 520 1362; x_wconf 85' lang='lat' dir='ltr'>t.</span> <span class='ocrx_word' id='word_1_66' title='bbox 531 1306 581 1379; x_wconf 86' lang='lat' dir='ltr'>IV,</span> <span class='ocrx_word' id='word_1_67' title='bbox 592 1326 621 1384; x_wconf 87' lang='lat' dir='ltr'>p.</span> <span class='ocrx_word' id='word_1_68' title='bbox 637 1327 701 1380; x_wconf 72' lang='grc' dir='ltr'>ιρι.</span> <span class='ocrx_word' id='word_1_69' title='bbox 887 1339 891 1348; x_wconf 92' lang='grc'><strong><em>·</em></strong></span> <span class='ocrx_word' id='word_1_70' title='bbox 1387 1325 1391 1332; x_wconf 87' lang='grc'><strong>“</strong></span> 
     </span>
    </p>
   </div>
   <div class='ocr_carea' id='block_1_3' title="bbox 399 1401 1392 1553">
    <p class='ocr_par' dir='ltr' id='par_1_3' title="bbox 399 1401 1392 1553">
     <span class='ocr_line' id='line_1_9' title="bbox 438 1401 1392 1496; baseline 0.019 -37"><span class='ocrx_word' id='word_1_71' title='bbox 438 1402 473 1459; x_wconf 88' lang='lat' dir='ltr'>V.</span> <span class='ocrx_word' id='word_1_72' title='bbox 496 1422 541 1475; x_wconf 86' lang='lat'>¹7·</span> <span class='ocrx_word' id='word_1_73' title='bbox 562 1401 685 1481; x_wconf 81' lang='grc' dir='ltr'>Ἆγαθίν.</span> <span class='ocrx_word' id='word_1_74' title='bbox 697 1449 725 1465; x_wconf 95' lang='grc'>..</span> <span class='ocrx_word' id='word_1_75' title='bbox 741 1408 804 1466; x_wconf 82' lang='lat' dir='ltr'>Hoc</span> <span class='ocrx_word' id='word_1_76' title='bbox 825 1405 965 1490; x_wconf 71' lang='grc' dir='ltr'>εἰρωνικῶς</span> <span class='ocrx_word' id='word_1_77' title='bbox 975 1410 1034 1469; x_wconf 90' lang='lat' dir='ltr'><strong>diri</strong></span> <span class='ocrx_word' id='word_1_78' title='bbox 1048 1409 1172 1472; x_wconf 84' lang='lat' dir='ltr'><strong>innuunt</strong></span> <span class='ocrx_word' id='word_1_79' title='bbox 1188 1433 1222 1473; x_wconf 84' lang='lat' dir='ltr'>ee</span> <span class='ocrx_word' id='word_1_80' title='bbox 1235 1435 1301 1495; x_wconf 76' lang='grc' dir='ltr'>ηοω</span> <span class='ocrx_word' id='word_1_81' title='bbox 1311 1437 1392 1496; x_wconf 80' lang='lat' dir='ltr'><strong>prae-</strong></span> 
     </span>
     <span class='ocr_line' id='line_1_10' title="bbox 399 1491 1241 1553; baseline 0.007 -3"><span class='ocrx_word' id='word_1_82' title='bbox 399 1491 506 1551; x_wconf 85' lang='lat' dir='ltr'><strong>cedunt</strong></span> <span class='ocrx_word' id='word_1_83' title='bbox 517 1513 545 1552; x_wconf 84' lang='lat' dir='ltr'>v.</span> <span class='ocrx_word' id='word_1_84' title='bbox 562 1496 645 1553; x_wconf 82' lang='lat'><strong>6-16.</strong></span> <span class='ocrx_word' id='word_1_85' title='bbox 1237 1515 1241 1524; x_wconf 87' lang='grc'>·</span> 
     </span>
    </p>
   </div>
   <div class='ocr_carea' id='block_1_4' title="bbox 398 1588 1394 2060">
    <p class='ocr_par' dir='ltr' id='par_1_4' title="bbox 398 1588 1394 2060">
     <span class='ocr_line' id='line_1_11' title="bbox 439 1588 1393 1678; baseline 0.017 -32"><span class='ocrx_word' id='word_1_86' title='bbox 439 1588 473 1648; x_wconf 80' lang='lat' dir='ltr'>V.</span> <span class='ocrx_word' id='word_1_87' title='bbox 500 1592 601 1663; x_wconf 78' lang='lat'><strong>17-18.</strong></span> <span class='ocrx_word' id='word_1_88' title='bbox 626 1591 703 1652; x_wconf 71' lang='grc' dir='ltr'>Μετὰ</span> <span class='ocrx_word' id='word_1_89' title='bbox 722 1598 806 1654; x_wconf 75' lang='grc' dir='ltr'>ταῦτα</span> <span class='ocrx_word' id='word_1_90' title='bbox 827 1595 1038 1678; x_wconf 62' lang='grc' dir='ltr'>ἂποράμεθα...</span> <span class='ocrx_word' id='word_1_91' title='bbox 1057 1601 1199 1661; x_wconf 69' lang='lat' dir='ltr'><strong>Nimirum</strong></span> <span class='ocrx_word' id='word_1_92' title='bbox 1212 1603 1243 1661; x_wconf 89' lang='lat' dir='ltr'>in</span> <span class='ocrx_word' id='word_1_93' title='bbox 1266 1603 1329 1662; x_wconf 84' lang='lat' dir='ltr'><strong>aliis</strong></span> <span class='ocrx_word' id='word_1_94' title='bbox 1351 1603 1393 1662; x_wconf 83' lang='lat' dir='ltr'>de</span> 
     </span>
     <span class='ocr_line' id='line_1_12' title="bbox 399 1685 1393 1776; baseline 0.015 -32"><span class='ocrx_word' id='word_1_95' title='bbox 399 1685 554 1746; x_wconf 78' lang='lat' dir='ltr'>Rhetorica</span> <span class='ocrx_word' id='word_1_96' title='bbox 566 1687 658 1762; x_wconf 89' lang='lat' dir='ltr'><strong>libris,</strong></span> <span class='ocrx_word' id='word_1_97' title='bbox 669 1687 794 1768; x_wconf 84' lang='lat' dir='ltr'><strong>quoruin</strong></span> <span class='ocrx_word' id='word_1_98' title='bbox 808 1695 912 1774; x_wconf 79' lang='lat' dir='ltr'>Noster</span> <span class='ocrx_word' id='word_1_99' title='bbox 926 1696 1055 1754; x_wconf 80' lang='lat' dir='ltr'><strong>meminit</strong></span> <span class='ocrx_word' id='word_1_100' title='bbox 1068 1699 1123 1756; x_wconf 86' lang='lat' dir='ltr'><strong>coi.</strong></span> <span class='ocrx_word' id='word_1_101' title='bbox 1136 1698 1225 1775; x_wconf 78' lang='lat' dir='ltr'>va,</span> <span class='ocrx_word' id='word_1_102' title='bbox 1245 1719 1272 1756; x_wconf 86' lang='grc' dir='ltr'>ν.</span> <span class='ocrx_word' id='word_1_103' title='bbox 1290 1720 1363 1776; x_wconf 84' lang='grc' dir='ltr'>9-ιι</span> <span class='ocrx_word' id='word_1_104' title='bbox 1380 1723 1393 1759; x_wconf 79' lang='grc' dir='ltr'>ε</span> 
     </span>
     <span class='ocr_line' id='line_1_13' title="bbox 398 1779 1389 1874; baseline 0.016 -35"><span class='ocrx_word' id='word_1_105' title='bbox 398 1779 448 1840; x_wconf 82' lang='grc' dir='ltr'>Ἐν</span> <span class='ocrx_word' id='word_1_106' title='bbox 470 1789 524 1848; x_wconf 84' lang='grc' dir='ltr'>τοῖς</span> <span class='ocrx_word' id='word_1_107' title='bbox 544 1781 650 1866; x_wconf 78' lang='grc' dir='ltr'>ὕστερον</span> <span class='ocrx_word' id='word_1_108' title='bbox 664 1787 874 1869; x_wconf 75' lang='grc' dir='ltr'>γραφησομένοις</span> <span class='ocrx_word' id='word_1_109' title='bbox 888 1788 976 1870; x_wconf 74' lang='grc' dir='ltr'>λόγοις</span> <span class='ocrx_word' id='word_1_110' title='bbox 993 1792 1222 1874; x_wconf 73' lang='grc' dir='ltr'>θποθεωρνίσομεν.</span> <span class='ocrx_word' id='word_1_111' title='bbox 1244 1795 1331 1869; x_wconf 85' lang='lat' dir='ltr'><strong>Quod</strong></span> <span class='ocrx_word' id='word_1_112' title='bbox 1351 1797 1389 1854; x_wconf 81' lang='lat' dir='ltr'>ad</span> 
     </span>
     <span class='ocr_line' id='line_1_14' title="bbox 399 1876 1394 1971; baseline 0.017 -36"><span class='ocrx_word' id='word_1_113' title='bbox 399 1876 555 1958; x_wconf 67' lang='grc' dir='ltr'>ἐποψόμεθα</span> <span class='ocrx_word' id='word_1_114' title='bbox 574 1881 698 1956; x_wconf 87' lang='lat' dir='ltr'><strong>adtinet,</strong></span> <span class='ocrx_word' id='word_1_115' title='bbox 722 1885 853 1944; x_wconf 86' lang='lat' dir='ltr'><strong>similiter</strong></span> <span class='ocrx_word' id='word_1_116' title='bbox 879 1887 1018 1965; x_wconf 85' lang='lat' dir='ltr'><strong>loquitur,</strong></span> <span class='ocrx_word' id='word_1_117' title='bbox 1042 1890 1086 1949; x_wconf 83' lang='lat' dir='ltr'>De</span> <span class='ocrx_word' id='word_1_118' title='bbox 1106 1891 1208 1952; x_wconf 78' lang='lat' dir='ltr'><strong>Music.</strong></span> <span class='ocrx_word' id='word_1_119' title='bbox 1228 1891 1283 1950; x_wconf 85' lang='lat' dir='ltr'><strong>coi.</strong></span> <span class='ocrx_word' id='word_1_120' title='bbox 1298 1893 1348 1971; x_wconf 78' lang='lat' dir='ltr'>w,</span> <span class='ocrx_word' id='word_1_121' title='bbox 1361 1913 1394 1952; x_wconf 91' lang='lat' dir='ltr'>v.</span> 
     </span>
     <span class='ocr_line' id='line_1_15' title="bbox 404 1968 895 2060; baseline 0.024 -30"><span class='ocrx_word' id='word_1_122' title='bbox 404 1995 416 2030; x_wconf 95' lang='lat'>1</span> <span class='ocrx_word' id='word_1_123' title='bbox 432 1973 539 2056; x_wconf 76' lang='grc' dir='ltr'>τ’λλλερ</span> <span class='ocrx_word' id='word_1_124' title='bbox 553 1975 626 2058; x_wconf 75' lang='grc' dir='ltr'>τόπῳ</span> <span class='ocrx_word' id='word_1_125' title='bbox 640 1979 817 2060; x_wconf 79' lang='grc' dir='ltr'>κατοψόμεθα.</span> <span class='ocrx_word' id='word_1_126' title='bbox 891 1968 895 1975; x_wconf 34' lang='lat'><strong>¹</strong></span> 
     </span>
    </p>
   </div>
   <div class='ocr_carea' id='block_1_5' title="bbox 810 2207 991 2231">
    <p class='ocr_par' dir='ltr' id='par_1_5' title="bbox 810 2207 991 2231">
     <span class='ocr_line' id='line_1_16' title="bbox 810 2207 991 2231; baseline 0.006 -6"><span class='ocrx_word' id='word_1_127' title='bbox 810 2207 991 2231; x_wconf 49' lang='lat' dir='ltr'><strong>—aeooe—</strong></span> 
     </span>
    </p>
   </div>
   <div class='ocr_carea' id='block_1_6' title="bbox 712 2340 1095 2504">
    <p class='ocr_par' dir='ltr' id='par_1_6' title="bbox 712 2340 1095 2504">
     <span class='ocr_line' id='line_1_17' title="bbox 712 2340 1095 2504; baseline -0.003 -42"><span class='ocrx_word' id='word_1_128' title='bbox 712 2340 939 2463; x_wconf 69' lang='lat' dir='ltr'><strong>COLUMNA</strong></span> <span class='ocrx_word' id='word_1_129' title='bbox 961 2394 1095 2504; x_wconf 72' lang='grc' dir='ltr'>Χιιιι</span> 
     </span>
    </p>
   </div>
   <div class='ocr_carea' id='block_1_7' title="bbox 371 2615 1396 2904">
    <p class='ocr_par' dir='ltr' id='par_1_7' title="bbox 371 2615 1396 2904">
     <span class='ocr_line' id='line_1_18' title="bbox 441 2615 1395 2711; baseline 0 -25"><span class='ocrx_word' id='word_1_130' title='bbox 441 2627 473 2686; x_wconf 82' lang='lat' dir='ltr'>V.</span> <span class='ocrx_word' id='word_1_131' title='bbox 488 2627 552 2699; x_wconf 89' lang='lat'>6-7.</span> <span class='ocrx_word' id='word_1_132' title='bbox 569 2623 745 2706; x_wconf 83' lang='grc' dir='ltr'>Μέρη-τῆς</span> <span class='ocrx_word' id='word_1_133' title='bbox 759 2629 912 2708; x_wconf 72' lang='grc' dir='ltr'>ῥητορικῆς.</span> <span class='ocrx_word' id='word_1_134' title='bbox 923 2669 952 2685; x_wconf 90' lang='grc'>..</span> <span class='ocrx_word' id='word_1_135' title='bbox 971 2627 1053 2706; x_wconf 79' lang='lat' dir='ltr'><strong>Saepe</strong></span> <span class='ocrx_word' id='word_1_136' title='bbox 1069 2625 1136 2711; x_wconf 84' lang='grc' dir='ltr'>μέρη</span> <span class='ocrx_word' id='word_1_137' title='bbox 1153 2637 1234 2686; x_wconf 84' lang='lat' dir='ltr'>&#39;cum&#39;</span> <span class='ocrx_word' id='word_1_138' title='bbox 1250 2625 1307 2699; x_wconf 79' lang='grc' dir='ltr'>τίθη</span> <span class='ocrx_word' id='word_1_139' title='bbox 1321 2615 1395 2686; x_wconf 60' lang='grc' dir='ltr'>τοτ’-</span> 
     </span>
     <span class='ocr_line' id='line_1_19' title="bbox 396 2722 1396 2803; baseline 0.002 -21"><span class='ocrx_word' id='word_1_140' title='bbox 396 2723 531 2803; x_wconf 88' lang='lat' dir='ltr'><strong>junetum</strong></span> <span class='ocrx_word' id='word_1_141' title='bbox 539 2723 668 2782; x_wconf 84' lang='lat' dir='ltr'><strong>occurrit</strong></span> <span class='ocrx_word' id='word_1_142' title='bbox 680 2722 759 2801; x_wconf 80' lang='lat' dir='ltr'>apud</span> <span class='ocrx_word' id='word_1_143' title='bbox 769 2723 909 2784; x_wconf 79' lang='lat' dir='ltr'><strong>rhetores.</strong></span> <span class='ocrx_word' id='word_1_144' title='bbox 921 2724 1178 2802; x_wconf 76' lang='lat' dir='ltr'><strong>Doxopttflomil.</strong></span> <span class='ocrx_word' id='word_1_145' title='bbox 1187 2725 1218 2783; x_wconf 88' lang='lat' dir='ltr'>in</span> <span class='ocrx_word' id='word_1_146' title='bbox 1233 2723 1396 2802; x_wconf 66' lang='lat' dir='ltr'><strong>Aphthons</strong></span> 
     </span>
     <span class='ocr_line' id='line_1_20' title="bbox 371 2818 1391 2904; baseline -0.002 -22"><span class='ocrx_word' id='word_1_147' title='bbox 371 2843 376 2854; x_wconf 85' lang='lat'>&#39;</span> <span class='ocrx_word' id='word_1_148' title='bbox 399 2819 505 2887; x_wconf 84' lang='grc' dir='ltr'>Σκοπθς</span> <span class='ocrx_word' id='word_1_149' title='bbox 517 2819 601 2879; x_wconf 90' lang='grc' dir='ltr'>τοίνυν</span> <span class='ocrx_word' id='word_1_150' title='bbox 615 2818 671 2878; x_wconf 82' lang='grc' dir='ltr'>ίοτί</span> <span class='ocrx_word' id='word_1_151' title='bbox 684 2823 722 2900; x_wconf 79' lang='grc' dir='ltr'>τῷ</span> <span class='ocrx_word' id='word_1_152' title='bbox 736 2818 862 2904; x_wconf 79' lang='grc' dir='ltr'>Ἀφθονίφ</span> <span class='ocrx_word' id='word_1_153' title='bbox 879 2824 913 2900; x_wconf 84' lang='grc' dir='ltr'>τῇ</span> <span class='ocrx_word' id='word_1_154' title='bbox 931 2822 983 2880; x_wconf 82' lang='grc' dir='ltr'>τῶν</span> <span class='ocrx_word' id='word_1_155' title='bbox 1001 2821 1249 2904; x_wconf 83' lang='grc' dir='ltr'>προγομναομάτων</span> <span class='ocrx_word' id='word_1_156' title='bbox 1265 2821 1391 2882; x_wconf 78' lang='grc' dir='ltr'>ὑποθέσει</span> 
     </span>
    </p>
   </div>
   <div class='ocr_carea' id='block_1_8' title="bbox 271 2915 1395 3007">
    <p class='ocr_par' dir='ltr' id='par_1_8' title="bbox 271 2915 1395 3007">
     <span class='ocr_line' id='line_1_21' title="bbox 271 2915 1395 3007; baseline 0.002 -31"><span class='ocrx_word' id='word_1_157' title='bbox 271 2993 280 3007; x_wconf 69' lang='lat'><em>,</em></span> <span class='ocrx_word' id='word_1_158' title='bbox 401 2921 571 3002; x_wconf 81' lang='grc' dir='ltr'>προοισκῆσαι</span> <span class='ocrx_word' id='word_1_159' title='bbox 586 2915 632 2976; x_wconf 75' lang='grc' dir='ltr'>καὶ</span> <span class='ocrx_word' id='word_1_160' title='bbox 649 2915 785 3000; x_wconf 88' lang='grc' dir='ltr'>προιθίσαι</span> <span class='ocrx_word' id='word_1_161' title='bbox 796 2921 868 2995; x_wconf 74' lang='grc' dir='ltr'>ἡμᾶς</span> <span class='ocrx_word' id='word_1_162' title='bbox 879 2918 917 2983; x_wconf 84' lang='grc' dir='ltr'>είς</span> <span class='ocrx_word' id='word_1_163' title='bbox 926 2916 961 2977; x_wconf 75' lang='grc' dir='ltr'>τά</span> <span class='ocrx_word' id='word_1_164' title='bbox 972 2916 1043 2978; x_wconf 77' lang='grc' dir='ltr'>κατά</span> <span class='ocrx_word' id='word_1_165' title='bbox 1057 2916 1106 2990; x_wconf 71' lang='grc' dir='ltr'>την</span> <span class='ocrx_word' id='word_1_166' title='bbox 1123 2917 1266 3002; x_wconf 70' lang='grc' dir='ltr'>ῥητορικὴν</span> <span class='ocrx_word' id='word_1_167' title='bbox 1276 2917 1333 2991; x_wconf 79' lang='grc' dir='ltr'>εἴδη</span> <span class='ocrx_word' id='word_1_168' title='bbox 1344 2917 1395 2978; x_wconf 83' lang='grc' dir='ltr'>καί</span> 
     </span>
    </p>
   </div>
   <div class='ocr_carea' id='block_1_9' title="bbox 403 3010 1394 3098">
    <p class='ocr_par' dir='ltr' id='par_1_9' title="bbox 403 3010 1394 3098">
     <span class='ocr_line' id='line_1_22' title="bbox 403 3010 1394 3098; baseline -0.006 -21"><span class='ocrx_word' id='word_1_169' title='bbox 403 3013 489 3098; x_wconf 78' lang='grc' dir='ltr'>μέρη,</span> <span class='ocrx_word' id='word_1_170' title='bbox 502 3013 542 3075; x_wconf 84' lang='grc' dir='ltr'>ἔτι</span> <span class='ocrx_word' id='word_1_171' title='bbox 553 3012 582 3075; x_wconf 81' lang='grc' dir='ltr'>δέ</span> <span class='ocrx_word' id='word_1_172' title='bbox 595 3013 640 3075; x_wconf 81' lang='grc' dir='ltr'>καί</span> <span class='ocrx_word' id='word_1_173' title='bbox 662 3016 700 3081; x_wconf 83' lang='grc' dir='ltr'>εἰς</span> <span class='ocrx_word' id='word_1_174' title='bbox 715 3010 748 3072; x_wconf 72' lang='grc' dir='ltr'>τί</span> <span class='ocrx_word' id='word_1_175' title='bbox 763 3019 811 3073; x_wconf 77' lang='grc' dir='ltr'>τοῦ</span> <span class='ocrx_word' id='word_1_176' title='bbox 823 3016 959 3074; x_wconf 77' lang='grc' dir='ltr'>πολιτικοῦ</span> <span class='ocrx_word' id='word_1_177' title='bbox 977 3012 1057 3093; x_wconf 85' lang='grc' dir='ltr'>λάγου</span> <span class='ocrx_word' id='word_1_178' title='bbox 1074 3013 1151 3098; x_wconf 82' lang='grc' dir='ltr'>μέρη.</span> <span class='ocrx_word' id='word_1_179' title='bbox 1165 3016 1219 3076; x_wconf 82' lang='lat' dir='ltr'>Rh.</span> <span class='ocrx_word' id='word_1_180' title='bbox 1230 3015 1275 3094; x_wconf 93' lang='grc' dir='ltr'>ρο.</span> <span class='ocrx_word' id='word_1_181' title='bbox 1286 3015 1394 3095; x_wconf 60' lang='lat' dir='ltr'><strong>Waiz„</strong></span> 
     </span>
    </p>
   </div>
   <div class='ocr_carea' id='block_1_10' title="bbox 401 3111 1397 3288">
    <p class='ocr_par' dir='ltr' id='par_1_10' title="bbox 401 3111 1397 3288">
     <span class='ocr_line' id='line_1_23' title="bbox 402 3111 1397 3192; baseline -0.001 -21"><span class='ocrx_word' id='word_1_182' title='bbox 402 3125 423 3171; x_wconf 87' lang='lat' dir='ltr'>t.</span> <span class='ocrx_word' id='word_1_183' title='bbox 433 3115 472 3192; x_wconf 90' lang='lat'>11,</span> <span class='ocrx_word' id='word_1_184' title='bbox 481 3133 510 3192; x_wconf 91' lang='lat' dir='ltr'>p.</span> <span class='ocrx_word' id='word_1_185' title='bbox 525 3132 589 3171; x_wconf 84' lang='grc' dir='ltr'>ιτι.</span> <span class='ocrx_word' id='word_1_186' title='bbox 605 3113 649 3173; x_wconf 83' lang='lat' dir='ltr'>cf.</span> <span class='ocrx_word' id='word_1_187' title='bbox 660 3111 733 3172; x_wconf 85' lang='lat' dir='ltr'><strong>thid.</strong></span> <span class='ocrx_word' id='word_1_188' title='bbox 748 3115 779 3191; x_wconf 82' lang='grc' dir='ltr'>ρ’.</span> <span class='ocrx_word' id='word_1_189' title='bbox 793 3113 859 3185; x_wconf 79' lang='lat'>135,</span> <span class='ocrx_word' id='word_1_190' title='bbox 878 3115 944 3186; x_wconf 81' lang='lat'>137,</span> <span class='ocrx_word' id='word_1_191' title='bbox 959 3114 1026 3183; x_wconf 76' lang='lat'><strong>460.</strong></span> <span class='ocrx_word' id='word_1_192' title='bbox 1038 3114 1138 3190; x_wconf 83' lang='lat' dir='ltr'><strong>Neque</strong></span> <span class='ocrx_word' id='word_1_193' title='bbox 1157 3125 1252 3172; x_wconf 83' lang='lat' dir='ltr'><strong>temen</strong></span> <span class='ocrx_word' id='word_1_194' title='bbox 1264 3123 1397 3170; x_wconf 72' lang='lat' dir='ltr'><strong>unumst</strong></span> 
     </span>
     <span class='ocr_line' id='line_1_24' title="bbox 401 3203 1397 3288; baseline -0.002 -24"><span class='ocrx_word' id='word_1_195' title='bbox 401 3205 478 3265; x_wconf 86' lang='lat' dir='ltr'><strong>idem</strong></span> <span class='ocrx_word' id='word_1_196' title='bbox 489 3225 552 3266; x_wconf 84' lang='lat' dir='ltr'><strong>esse</strong></span> <span class='ocrx_word' id='word_1_197' title='bbox 565 3205 665 3279; x_wconf 87' lang='lat' dir='ltr'><strong>docet,</strong></span> <span class='ocrx_word' id='word_1_198' title='bbox 687 3204 759 3264; x_wconf 88' lang='lat' dir='ltr'>ibid.</span> <span class='ocrx_word' id='word_1_199' title='bbox 772 3226 802 3284; x_wconf 84' lang='lat' dir='ltr'>p.</span> <span class='ocrx_word' id='word_1_200' title='bbox 821 3224 876 3263; x_wconf 81' lang='grc' dir='ltr'>ιτα</span> <span class='ocrx_word' id='word_1_201' title='bbox 887 3228 894 3265; x_wconf 92' lang='lat'><strong>:</strong></span> <span class='ocrx_word' id='word_1_202' title='bbox 906 3207 995 3266; x_wconf 75' lang='grc' dir='ltr'>Τοῦτο</span> <span class='ocrx_word' id='word_1_203' title='bbox 1006 3204 1035 3264; x_wconf 82' lang='grc' dir='ltr'>δέ</span> <span class='ocrx_word' id='word_1_204' title='bbox 1046 3221 1128 3288; x_wconf 77' lang='grc' dir='ltr'>φασιν</span> <span class='ocrx_word' id='word_1_205' title='bbox 1139 3205 1244 3265; x_wconf 77' lang='grc' dir='ltr'>διοίσειν</span> <span class='ocrx_word' id='word_1_206' title='bbox 1263 3204 1341 3287; x_wconf 80' lang='grc' dir='ltr'>μέρος</span> <span class='ocrx_word' id='word_1_207' title='bbox 1352 3203 1397 3262; x_wconf 82' lang='grc' dir='ltr'>εί-</span> 
     </span>
    </p>
   </div>
   <div class='ocr_carea' id='block_1_11' title="bbox 402 3292 1400 3965">
    <p class='ocr_par' dir='ltr' id='par_1_11' title="bbox 403 3292 1400 3580">
     <span class='ocr_line' id='line_1_25' title="bbox 403 3292 1400 3386; baseline -0.002 -24"><span class='ocrx_word' id='word_1_208' title='bbox 403 3303 476 3372; x_wconf 85' lang='grc' dir='ltr'>δονς,</span> <span class='ocrx_word' id='word_1_209' title='bbox 489 3305 528 3383; x_wconf 74' lang='grc' dir='ltr'>τῷ</span> <span class='ocrx_word' id='word_1_210' title='bbox 538 3301 569 3362; x_wconf 74' lang='grc' dir='ltr'>τὸ</span> <span class='ocrx_word' id='word_1_211' title='bbox 583 3299 631 3380; x_wconf 79' lang='grc' dir='ltr'>μέν</span> <span class='ocrx_word' id='word_1_212' title='bbox 645 3292 712 3368; x_wconf 79' lang='grc' dir='ltr'>εἶδος</span> <span class='ocrx_word' id='word_1_213' title='bbox 722 3303 857 3362; x_wconf 78' lang='grc' dir='ltr'>ἀποτελεῖν</span> <span class='ocrx_word' id='word_1_214' title='bbox 869 3301 1012 3386; x_wconf 80' lang='grc' dir='ltr'>ὁλόκληρον</span> <span class='ocrx_word' id='word_1_215' title='bbox 1024 3301 1138 3384; x_wconf 70' lang='grc' dir='ltr'>ῥήτορα,</span> <span class='ocrx_word' id='word_1_216' title='bbox 1149 3299 1180 3360; x_wconf 74' lang='grc' dir='ltr'>πθ</span> <span class='ocrx_word' id='word_1_217' title='bbox 1191 3302 1219 3361; x_wconf 81' lang='lat' dir='ltr'>tt</span> <span class='ocrx_word' id='word_1_218' title='bbox 1231 3300 1308 3384; x_wconf 82' lang='grc' dir='ltr'>μέρος</span> <span class='ocrx_word' id='word_1_219' title='bbox 1320 3300 1400 3360; x_wconf 80' lang='grc' dir='ltr'>οὖδα-</span> 
     </span>
     <span class='ocr_line' id='line_1_26' title="bbox 403 3396 1398 3482; baseline 0 -24"><span class='ocrx_word' id='word_1_220' title='bbox 403 3401 474 3476; x_wconf 85' lang='grc' dir='ltr'>μῶς.</span> <span class='ocrx_word' id='word_1_221' title='bbox 485 3441 496 3460; x_wconf 84' lang='grc'><strong>.</strong></span> <span class='ocrx_word' id='word_1_222' title='bbox 506 3441 533 3459; x_wconf 90' lang='grc'>..</span> <span class='ocrx_word' id='word_1_223' title='bbox 552 3400 588 3458; x_wconf 83' lang='grc' dir='ltr'>Εἰ</span> <span class='ocrx_word' id='word_1_224' title='bbox 601 3397 649 3478; x_wconf 71' lang='grc' dir='ltr'>μέν</span> <span class='ocrx_word' id='word_1_225' title='bbox 661 3397 688 3458; x_wconf 82' lang='grc' dir='ltr'>έν</span> <span class='ocrx_word' id='word_1_226' title='bbox 701 3423 728 3458; x_wconf 90' lang='grc' dir='ltr'>τι</span> <span class='ocrx_word' id='word_1_227' title='bbox 738 3402 791 3458; x_wconf 85' lang='grc' dir='ltr'>τῶν</span> <span class='ocrx_word' id='word_1_228' title='bbox 806 3402 894 3481; x_wconf 84' lang='grc' dir='ltr'>μερῶν</span> <span class='ocrx_word' id='word_1_229' title='bbox 908 3401 1028 3460; x_wconf 75' lang='grc' dir='ltr'>ἀσκεῖται</span> <span class='ocrx_word' id='word_1_230' title='bbox 1042 3402 1056 3456; x_wconf 83' lang='grc' dir='ltr'><strong>ὁ</strong></span> <span class='ocrx_word' id='word_1_231' title='bbox 1069 3399 1166 3482; x_wconf 77' lang='grc' dir='ltr'>ῥήτωρ,</span> <span class='ocrx_word' id='word_1_232' title='bbox 1180 3401 1228 3460; x_wconf 81' lang='grc' dir='ltr'>οὐκ</span> <span class='ocrx_word' id='word_1_233' title='bbox 1241 3396 1273 3458; x_wconf 83' lang='grc' dir='ltr'>θν</span> <span class='ocrx_word' id='word_1_234' title='bbox 1286 3397 1398 3479; x_wconf 79' lang='grc' dir='ltr'>λεχθείη</span> 
     </span>
     <span class='ocr_line' id='line_1_27' title="bbox 403 3492 1283 3580; baseline -0.001 -27"><span class='ocrx_word' id='word_1_235' title='bbox 403 3492 510 3577; x_wconf 72' lang='grc' dir='ltr'>ῥήτωρ·</span> <span class='ocrx_word' id='word_1_236' title='bbox 528 3497 551 3554; x_wconf 84' lang='grc' dir='ltr'>εί</span> <span class='ocrx_word' id='word_1_237' title='bbox 564 3494 592 3554; x_wconf 81' lang='grc' dir='ltr'>δὲ</span> <span class='ocrx_word' id='word_1_238' title='bbox 604 3495 631 3555; x_wconf 80' lang='grc' dir='ltr'>ἓν</span> <span class='ocrx_word' id='word_1_239' title='bbox 643 3499 695 3556; x_wconf 85' lang='grc' dir='ltr'>τῶν</span> <span class='ocrx_word' id='word_1_240' title='bbox 708 3497 788 3556; x_wconf 82' lang='grc' dir='ltr'>εἰδῶν</span> <span class='ocrx_word' id='word_1_241' title='bbox 799 3495 924 3568; x_wconf 80' lang='grc' dir='ltr'>ἀσκήσει,</span> <span class='ocrx_word' id='word_1_242' title='bbox 936 3493 1091 3574; x_wconf 61' lang='grc' dir='ltr'>ἐξάνάγκης</span> <span class='ocrx_word' id='word_1_243' title='bbox 1103 3494 1190 3580; x_wconf 72' lang='grc' dir='ltr'>ῥήτωρ</span> <span class='ocrx_word' id='word_1_244' title='bbox 1204 3494 1283 3555; x_wconf 87' lang='grc' dir='ltr'>έστίν.</span> 
     </span>
    </p>

    <p class='ocr_par' dir='ltr' id='par_1_12' title="bbox 402 3591 1397 3871">
     <span class='ocr_line' id='line_1_28' title="bbox 442 3591 1397 3676; baseline 0 -26"><span class='ocrx_word' id='word_1_245' title='bbox 442 3593 477 3650; x_wconf 87' lang='lat' dir='ltr'>V.</span> <span class='ocrx_word' id='word_1_246' title='bbox 495 3592 561 3670; x_wconf 87' lang='lat'><strong>8-9.</strong></span> <span class='ocrx_word' id='word_1_247' title='bbox 574 3592 772 3676; x_wconf 79' lang='grc' dir='ltr'>Κατέψευοται.</span> <span class='ocrx_word' id='word_1_248' title='bbox 784 3637 813 3654; x_wconf 89' lang='grc'>..</span> <span class='ocrx_word' id='word_1_249' title='bbox 833 3594 880 3653; x_wconf 82' lang='lat' dir='ltr'>sic</span> <span class='ocrx_word' id='word_1_250' title='bbox 891 3595 1006 3667; x_wconf 84' lang='lat' dir='ltr'><strong>Noster,</strong></span> <span class='ocrx_word' id='word_1_251' title='bbox 1022 3593 1066 3652; x_wconf 90' lang='lat' dir='ltr'>De</span> <span class='ocrx_word' id='word_1_252' title='bbox 1083 3593 1183 3652; x_wconf 86' lang='lat' dir='ltr'><strong>Music.</strong></span> <span class='ocrx_word' id='word_1_253' title='bbox 1195 3593 1251 3651; x_wconf 89' lang='lat' dir='ltr'>col.</span> <span class='ocrx_word' id='word_1_254' title='bbox 1263 3591 1397 3664; x_wconf 83' lang='grc' dir='ltr'>ΧΧΧΙΙΙ,</span> 
     </span>
     <span class='ocr_line' id='line_1_29' title="bbox 404 3679 1397 3773; baseline -0.001 -27"><span class='ocrx_word' id='word_1_255' title='bbox 404 3709 432 3751; x_wconf 88' lang='grc' dir='ltr'>ν.</span> <span class='ocrx_word' id='word_1_256' title='bbox 461 3698 552 3758; x_wconf 80' lang='grc' dir='ltr'>ιι-ιίς</span> <span class='ocrx_word' id='word_1_257' title='bbox 575 3688 787 3773; x_wconf 76' lang='grc' dir='ltr'>ιΚατέψευσται</span> <span class='ocrx_word' id='word_1_258' title='bbox 811 3687 839 3749; x_wconf 80' lang='grc' dir='ltr'>δέ</span> <span class='ocrx_word' id='word_1_259' title='bbox 858 3690 924 3773; x_wconf 85' lang='grc' dir='ltr'>παρ’</span> <span class='ocrx_word' id='word_1_260' title='bbox 943 3679 980 3757; x_wconf 80' lang='grc' dir='ltr'>οἷς</span> <span class='ocrx_word' id='word_1_261' title='bbox 993 3687 1099 3770; x_wconf 85' lang='grc' dir='ltr'>λέγεται</span> <span class='ocrx_word' id='word_1_262' title='bbox 1122 3689 1167 3749; x_wconf 85' lang='grc' dir='ltr'>καλ</span> <span class='ocrx_word' id='word_1_263' title='bbox 1181 3687 1218 3772; x_wconf 29' lang='grc' dir='ltr'>,τὸ</span> <span class='ocrx_word' id='word_1_264' title='bbox 1231 3687 1313 3768; x_wconf 83' lang='grc' dir='ltr'>μάνην</span> <span class='ocrx_word' id='word_1_265' title='bbox 1339 3689 1397 3746; x_wconf 83' lang='grc' dir='ltr'>τῶν</span> 
     </span>
     <span class='ocr_line' id='line_1_30' title="bbox 402 3787 786 3871; baseline -0.003 -26"><span class='ocrx_word' id='word_1_266' title='bbox 402 3787 504 3868; x_wconf 84' lang='grc' dir='ltr'>τεχνῶν</span> <span class='ocrx_word' id='word_1_267' title='bbox 519 3789 654 3864; x_wconf 82' lang='grc' dir='ltr'>παντελῶς</span> <span class='ocrx_word' id='word_1_268' title='bbox 666 3789 786 3871; x_wconf 80' lang='grc' dir='ltr'>ὠφελεῖν.</span> 
     </span>
    </p>

    <p class='ocr_par' dir='ltr' id='par_1_13' title="bbox 443 3882 1395 3965">
     <span class='ocr_line' id='line_1_31' title="bbox 443 3882 1395 3965; baseline -0.004 -22"><span class='ocrx_word' id='word_1_269' title='bbox 443 3885 475 3944; x_wconf 87' lang='lat' dir='ltr'>V.</span> <span class='ocrx_word' id='word_1_270' title='bbox 492 3886 595 3954; x_wconf 75' lang='lat'>13-14.</span> <span class='ocrx_word' id='word_1_271' title='bbox 615 3887 676 3946; x_wconf 86' lang='grc' dir='ltr'>Τῶν</span> <span class='ocrx_word' id='word_1_272' title='bbox 697 3882 863 3963; x_wconf 75' lang='grc' dir='ltr'>μαθημάτων</span> <span class='ocrx_word' id='word_1_273' title='bbox 877 3884 922 3944; x_wconf 83' lang='grc' dir='ltr'>καί</span> <span class='ocrx_word' id='word_1_274' title='bbox 940 3887 993 3944; x_wconf 88' lang='grc' dir='ltr'>τῶν</span> <span class='ocrx_word' id='word_1_275' title='bbox 1007 3886 1162 3965; x_wconf 83' lang='grc' dir='ltr'>τεχνῶν...</span> <span class='ocrx_word' id='word_1_276' title='bbox 1188 3883 1227 3945; x_wconf 91' lang='lat' dir='ltr'>Ut</span> <span class='ocrx_word' id='word_1_277' title='bbox 1249 3882 1298 3941; x_wconf 85' lang='lat' dir='ltr'>hie</span> <span class='ocrx_word' id='word_1_278' title='bbox 1317 3902 1395 3940; x_wconf 87' lang='lat' dir='ltr'><strong>con-</strong></span> 
     </span>
    </p>
   </div>
   <div class='ocr_carea' id='block_1_12' title="bbox 296 3977 1393 4062">
    <p class='ocr_par' dir='ltr' id='par_1_14' title="bbox 296 3977 1393 4062">
     <span class='ocr_line' id='line_1_32' title="bbox 296 3977 1393 4062; baseline -0.003 -23"><span class='ocrx_word' id='word_1_279' title='bbox 296 3977 299 3983; x_wconf 75' lang='grc'><strong>’</strong></span> <span class='ocrx_word' id='word_1_280' title='bbox 400 3981 503 4059; x_wconf 86' lang='lat' dir='ltr'><strong>juncta</strong></span> <span class='ocrx_word' id='word_1_281' title='bbox 516 3983 596 4040; x_wconf 86' lang='lat' dir='ltr'><strong>vides</strong></span> <span class='ocrx_word' id='word_1_282' title='bbox 614 3980 760 4062; x_wconf 79' lang='grc' dir='ltr'>μαθήματα</span> <span class='ocrx_word' id='word_1_283' title='bbox 777 3995 806 4040; x_wconf 92' lang='lat' dir='ltr'>et</span> <span class='ocrx_word' id='word_1_284' title='bbox 820 3980 927 4062; x_wconf 82' lang='grc' dir='ltr'>τέχνας,</span> <span class='ocrx_word' id='word_1_285' title='bbox 950 3983 990 4042; x_wconf 87' lang='lat' dir='ltr'>sic</span> <span class='ocrx_word' id='word_1_286' title='bbox 1002 3979 1071 4042; x_wconf 84' lang='lat' dir='ltr'><strong>alibi</strong></span> <span class='ocrx_word' id='word_1_287' title='bbox 1087 3980 1241 4062; x_wconf 73' lang='lat' dir='ltr'><strong>conjuncta</strong></span> <span class='ocrx_word' id='word_1_288' title='bbox 1264 3979 1393 4058; x_wconf 81' lang='lat' dir='ltr'><strong>reperias</strong></span> 
     </span>
    </p>
   </div>
   <div class='ocr_carea' id='block_1_13' title="bbox 384 4072 1398 4256">
    <p class='ocr_par' dir='ltr' id='par_1_15' title="bbox 384 4072 1398 4256">
     <span class='ocr_line' id='line_1_33' title="bbox 384 4072 1392 4159; baseline -0.01 -18"><span class='ocrx_word' id='word_1_289' title='bbox 384 4131 389 4158; x_wconf 82' lang='grc'>,</span> <span class='ocrx_word' id='word_1_290' title='bbox 402 4081 490 4140; x_wconf 85' lang='lat' dir='ltr'>modo</span> <span class='ocrx_word' id='word_1_291' title='bbox 503 4077 598 4159; x_wconf 83' lang='grc' dir='ltr'>τέχνας</span> <span class='ocrx_word' id='word_1_292' title='bbox 618 4093 646 4138; x_wconf 89' lang='lat' dir='ltr'>et</span> <span class='ocrx_word' id='word_1_293' title='bbox 665 4077 826 4157; x_wconf 75' lang='grc' dir='ltr'>ἐπιστήμας,</span> <span class='ocrx_word' id='word_1_294' title='bbox 848 4080 967 4140; x_wconf 79' lang='lat' dir='ltr'><strong>Aristot.</strong></span> <span class='ocrx_word' id='word_1_295' title='bbox 983 4079 1064 4140; x_wconf 83' lang='lat' dir='ltr'><strong>tthet.</strong></span> <span class='ocrx_word' id='word_1_296' title='bbox 1079 4081 1103 4157; x_wconf 91' lang='lat' dir='ltr'>l,</span> <span class='ocrx_word' id='word_1_297' title='bbox 1118 4080 1136 4137; x_wconf 90' lang='lat'><strong>6</strong></span> <span class='ocrx_word' id='word_1_298' title='bbox 1149 4102 1155 4136; x_wconf 92' lang='lat'><strong>:</strong></span> <span class='ocrx_word' id='word_1_299' title='bbox 1168 4074 1286 4155; x_wconf 84' lang='grc' dir='ltr'>Ὁμοίως</span> <span class='ocrx_word' id='word_1_300' title='bbox 1302 4074 1329 4133; x_wconf 84' lang='grc' dir='ltr'>δέ</span> <span class='ocrx_word' id='word_1_301' title='bbox 1345 4072 1392 4134; x_wconf 79' lang='grc' dir='ltr'>καὶ</span> 
     </span>
     <span class='ocr_line' id='line_1_34' title="bbox 403 4170 1398 4256; baseline 0.002 -24"><span class='ocrx_word' id='word_1_302' title='bbox 403 4177 430 4232; x_wconf 79' lang='grc' dir='ltr'>οἱ</span> <span class='ocrx_word' id='word_1_303' title='bbox 443 4178 587 4254; x_wconf 76' lang='grc' dir='ltr'>έπεστῆμαι</span> <span class='ocrx_word' id='word_1_304' title='bbox 608 4185 707 4247; x_wconf 79' lang='grc' dir='ltr'>πᾶσαι,</span> <span class='ocrx_word' id='word_1_305' title='bbox 724 4175 767 4236; x_wconf 79' lang='grc' dir='ltr'>καί</span> <span class='ocrx_word' id='word_1_306' title='bbox 783 4181 810 4236; x_wconf 83' lang='grc' dir='ltr'>αί</span> <span class='ocrx_word' id='word_1_307' title='bbox 833 4176 924 4256; x_wconf 83' lang='grc' dir='ltr'>τέχναι</span> <span class='ocrx_word' id='word_1_308' title='bbox 938 4175 982 4236; x_wconf 79' lang='grc' dir='ltr'>καὶ</span> <span class='ocrx_word' id='word_1_309' title='bbox 1006 4175 1036 4235; x_wconf 82' lang='grc' dir='ltr'>τὸ</span> <span class='ocrx_word' id='word_1_310' title='bbox 1059 4178 1115 4252; x_wconf 80' lang='grc' dir='ltr'>ζῇν·</span> <span class='ocrx_word' id='word_1_311' title='bbox 1140 4175 1227 4235; x_wconf 90' lang='lat' dir='ltr'>modo</span> <span class='ocrx_word' id='word_1_312' title='bbox 1242 4170 1398 4249; x_wconf 75' lang='grc' dir='ltr'>ἐπιστήμας-</span> 
     </span>
    </p>
   </div>
   <div class='ocr_carea' id='block_1_14' title="bbox 0 0 1603 5278">
    <p class='ocr_par' dir='ltr' id='par_1_16' title="bbox 0 0 1603 5278">
     <span class='ocr_line' id='line_1_35' title="bbox 0 0 1603 5278; baseline 0 0"><span class='ocrx_word' id='word_1_313' title='bbox 0 0 1603 5278; x_wconf 95' lang='lat' dir='ltr'> </span> 
     </span>
    </p>
   </div>
  </div>
 </body>
</html>
