3198 5288
384 565 452 620 xvi

297 741 298 744 ¹
384 709 771 806 Stratocles(48).Hinc
786 711 926 812 etinde2
940 711 1021 784 solo¹
1031 737 1154 784 amore
1169 715 1273 802 lucri,
1285 717 1376 786 mala

386 852 406 897 ε
427 826 531 897 malis
554 825 738 916 serebant,
757 851 871 922 genus
892 825 1085 899 hominnm
1105 828 1254 928 publico
1270 833 1376 901 exitio

386 1055 583 1116 ἀπολέλειπται.
596 1056 639 1115 Cf.
658 1056 805 1135 Apophth.
818 1076 847 1134 p.
861 1077 927 1132 219,
940 1058 986 1117 ed.
1007 1058 1103 1118 Didot.
1123 1060 1255 1120 Demadis
1273 1061 1377 1120 foedam

385 1155 452 1212 vitae
463 1154 603 1212 rationem
610 1154 751 1232 expressit
759 1155 883 1230 Pytheas
892 1154 969 1232 apud
979 1155 1083 1216 Athen.
1098 1157 1135 1230 II,
1145 1177 1177 1236 p.
1187 1166 1234 1230 44,
1241 1159 1307 1216 E-F.
1316 1159 1377 1216 De-

385 1252 541 1310 mosthenis
553 1264 582 1310 et
595 1271 695 1310 eorum
706 1252 757 1330 qui
775 1271 842 1310 cum
852 1271 888 1310 eo
908 1251 1022 1311 stabant
1034 1253 1263 1314 damnandorum
1278 1275 1377 1314 suasor

350 1411 352 1414 ,
385 1349 510 1421 exstitit,
532 1347 607 1409 Plut.
626 1349 655 1406 in
672 1349 754 1406 Dem.
777 1348 905 1409 XXVIII.
920 1351 1049 1408 Sumam
1063 1371 1170 1408 aenfflm
1187 1353 1215 1408 ei
1231 1352 1317 1410 fuisse
1330 1351 1378 1410 dc

385 1457 494 1503 cretam
513 1444 637 1502 vidimus
658 1444 689 1501 in
713 1443 878 1520 polyeucto.
902 1445 967 1505 Non
989 1446 1030 1503 ita
1060 1447 1151 1506 multo
1178 1458 1244 1524 post
1264 1449 1378 1506 meritas

385 1541 522 1609 avaritiae,
545 1539 718 1618 proditionis
736 1551 765 1597 et
783 1540 910 1619 perfidiae
933 1560 1028 1619 poenas
1047 1542 1144 1613 dedit;
1161 1543 1274 1604 Arrinn.
1301 1547 1378 1622 apud

384 1641 469 1699 Pbot.
486 1637 559 1698 Bibl.
579 1637 648 1697 eod.
673 1638 773 1699 XCII:
791 1637 928 1716 Δημάδης,
954 1641 1096 1722 οὖγπολλῷ
1119 1639 1225 1723 ὕστερον
1253 1644 1289 1710 εἰς
1313 1644 1379 1704 Μα-

385 1735 503 1796 κεδονίαν
516 1733 619 1816 σἰχθεὶς,
633 1733 684 1795 ὑπὸ
698 1733 855 1816 Κασάνδρου
870 1736 972 1818 ἐσράγη
982 1783 990 1810 ,
1002 1743 1048 1796 τοῦ
1057 1737 1150 1804 παιδὸς
1165 1741 1192 1798 ἐν
1206 1747 1260 1806 τοῖς
1272 1736 1379 1806 κόλποις

385 1830 641 1915 προαποσραγέντος.
664 1832 707 1890 cf.
722 1832 835 1892 Ilubnli.
856 1833 1141 1912 p.LXXl-1.XXIV;
1162 1837 1189 1896 J.
1212 1836 1247 1895 G.
1267 1838 1379 1916 Haupt-

385 1949 480 1988 mann.
499 1929 580 2006 Disp.
592 1928 623 1986 in
638 1927 729 1986 Reish.
743 1930 809 1987 Οτι.
828 1928 861 1988 Τ.
880 1930 934 1998 IV;
951 1930 1066 2005 Taylor.
1077 1933 1189 2010 Proleg.
1210 1931 1246 1989 ad
1261 1931 1378 1992 llcruad.

384 2025 456 2084 ibid.
473 2027 507 2084 T.
523 2025 599 2085 VIII.

281 2117 282 2120 ’
324 2151 326 2153 -
426 2120 488 2201 (43)
510 2121 553 2182 Cf.
565 2122 679 2182 Ruhnh.
696 2121 726 2178 in
738 2122 823 2181 Rutil.
839 2123 963 2200 Lupum,
985 2123 1036 2194 xl,
1049 2144 1077 2202 P·
1091 2133 1195 2193 40·st

425 2221 487 2298 (44)
506 2219 550 2278 Cf.
563 2217 713 2289 Eumdem,
724 2217 796 2278 llist.
809 2219 871 2276 crit.
885 2238 914 2296 p.
927 2218 1203 2281 LXXVI-LXXVII.

427 2320 489 2400 (45)
510 2321 582 2380 Cum
597 2319 759 2380 Philocrate
775 2320 830 2379 suit
849 2320 974 2380 amicitia
987 2321 1120 2398 junctus;
1142 2323 1225 2380 Deru.
1248 2325 1292 2381 De
1310 2309 1375 2381 Cor.

385 2421 462 2494 (τι,
475 2437 504 2496 p.
520 2417 586 2490 232,
598 2428 628 2474 et
639 2415 765 2476 AEschin.
776 2414 850 2477 Adv.
864 2415 1014 2496 Ctesiph.§
1027 2416 1075 2489 55,
1088 2438 1118 2495 p.
1133 2420 1200 2486 264.
1318 2437 1321 2444 ’

426 2515 487 2592 (46)
496 2513 540 2574 λεί
553 2514 721 2592 Philippum
730 2533 795 2572 cum
805 2513 936 2573 AEschine
945 2514 982 2574 dc
992 2534 1062 2594 pace
1074 2515 1200 2575 facienda
1211 2516 1314 2576 missus
1328 2529 1384 2590 ost3

387 2615 484 2690 Sopat.
502 2612 599 2670 Schol.
611 2611 641 2669 in
654 2612 787 2688 Hermog.
800 2612 845 2670 De
855 2611 984 2672 Statibus
995 2634 1002 2668 :
1013 2611 1120 2691 λέγουσι
1133 2611 1161 2671 δέ
1176 2611 1222 2672 καί
1235 2611 1302 2672 άλλο
1315 2601 1381 2678 εἶδος

387 2705 559 2787 ἀντιλήψεως,
567 2704 582 2764 δ
589 2706 713 2764 καλοῦσιν
722 2705 775 2764 ἀπὸ
784 2711 830 2765 τοῦ
839 2705 1046 2785 συμὸεθηκάτος,
1054 2699 1108 2769 οἷον
1116 2707 1258 2791 ἐπρίσόευε
1265 2707 1380 2791 Φρύνων

387 2803 446 2885 περὶ
455 2806 502 2873 τῆς
512 2801 687 2883 εἷρήνηςπρθς
695 2801 843 2876 Φίλιππον,
852 2803 898 2862 καὶ
907 2803 1057 2878 ἐσπείσατο,
1069 2805 1113 2863 τὸν
1123 2806 1307 2886 παῖδαάιραϊον
1317 2803 1381 2863 ὄντα
1488 2837 1490 2840 -

388 2903 442 2959 ἐκεῖ
450 2897 613 2958 καταλιπών·
626 2897 759 2980 ἐγράψατο
769 2896 847 2959 αὐτὸν
862 2899 1043 2981 προαγωγείας
1057 2905 1071 2959 ὁ
1085 2899 1256 2977 Δημοσθένης
1269 2901 1382 2958 ἐπανελ-

388 2995 474 3055 θόντα·
481 2993 558 3056 ἔλυσε
567 2993 615 3068 clv
625 2993 730 3077 εἰρήνην
740 2994 886 3070 Φίλιππος,
892 2996 937 3056 καὶ
950 2995 1066 3079 κρίνεται
1078 2996 1211 3075 δημοσίων
1221 3000 1235 3056 ὁ
1245 2994 1382 3073 Δημοσθέ-

388 3117 443 3166 νης,
464 3094 520 3153 Rh.
551 3113 594 3170 gr.
619 3093 708 3168 Waln.
736 3093 770 3153 T.
796 3094 845 3168 IV,
868 3113 898 3172 p.
921 3093 988 3152 588.
1013 3095 1106 3165 Quam
1126 3093 1278 3170 despectus
1296 3091 1382 3152 tuerit

389 3203 507 3248 testatur
531 3189 641 3266 Syrian.
676 3187 770 3248 Schol.
796 3187 865 3249 ibid.
892 3210 921 3268 p.
942 3210 980 3266 90
1001 3213 1009 3246 :
1031 3191 1054 3248 εἰ
1080 3187 1129 3267 μὲν
1149 3179 1194 3246 cilo
1220 3185 1309 3256 ἔνδοξα
1339 3184 1380 3259 εἴη

387 3284 422 3345 cd
437 3283 515 3368 κύρια
533 3282 679 3367 πρόσωπα,
695 3288 858 3353 συστατικῶς
877 3284 1031 3368 χρησόμεθα
1051 3289 1085 3366 τῇ
1105 3284 1164 3366 περὶ
1179 3285 1266 3343 αὐτῶν
1280 3281 1344 3364 ίίλῃ·
1357 3285 1381 3341 εἰ

389 3380 417 3440 δὲ
431 3379 519 3455 ἄδοξα,
538 3373 592 3441 οἷον
615 3382 802 3463 Φιλοκράτης,
823 3381 840 3454 ἣ
860 3381 1018 3464 Φρύνων,ἣ
1042 3380 1248 3465 Ἀριστογείτων,
1274 3383 1304 3439 ἐκ
1327 3383 1379 3440 τῶν

388 3477 513 3538 ἐναντίων
526 3479 702 3558 διαθολοῦμεν
713 3480 789 3559 (cod.
801 3480 870 3539 Ven.
885 3479 964 3551 δῆλον
978 3479 1018 3539 ὅτι
1029 3482 1059 3539 ἐκ
1072 3483 1126 3538 τῶν
1138 3477 1263 3538 ἐναντίων
1284 3477 1381 3537 διαθο-

388 3577 495 3653 λοῦμεν,
507 3576 585 3654 quod
596 3576 806 3654 praeferendum
824 3575 946 3655 videtur)
961 3576 1184 3660 ἐπιχειρημάτων.
1196 3575 1275 3634 Idem
1296 3575 1382 3634 tradit

389 3671 544 3730 Marcellin.
562 3669 631 3730 ibid.
645 3692 674 3751 p.
689 3675 726 3748 93
735 3697 743 3730 :
753 3674 777 3730 εἷ
796 3676 859 3750 γοῦν
882 3670 1056 3755 κατηγοροίης
1073 3657 1256 3752 Φιλοκράτους
1269 3670 1287 3743 ἢ
1301 3669 1380 3753 Φρά-

389 3788 469 3834 νωνος
481 3767 498 3839 ἤ
510 3790 579 3834 τινος
595 3767 676 3828 ἄλλον
687 3771 740 3827 τῶν
754 3771 782 3828 ἐν
798 3777 855 3835 ταῖς
872 3767 999 3851 ἱστορίαις
1015 3766 1261 3852 κεκωμῳδημένων,
1275 3770 1380 3828 πολλῶν

390 3867 516 3948 ἀφορμῶν
526 3867 562 3942 εἷς
573 3865 734 3948 κατηγορίαν
748 3865 871 3948 εὐπορίαν
883 3865 1008 3948 εὑρήσεις.

445 3962 506 4042 (47)
537 3963 754 4042 sycophanticae
782 3962 903 4032 studuit,
930 3965 1073 4024 Plutarch.
1099 3965 1129 4023 in
1155 3965 1243 4022 Phoc.
1278 3962 1380 4024 XXIX.

390 4059 554 4133 Phocionis,
573 4080 663 4138 oquo
681 4058 852 4118 beneficium
873 4074 1029 4140 acceperat,
1051 4061 1258 4120 condemnandi
1279 4070 1380 4117 auctor

391 4159 457 4233 fuit3
469 4179 558 4238 quum
578 4178 648 4218 vero
662 4156 753 4237 plebs,
779 4156 876 4217 hrrore
892 4157 1053 4236 obcaecata‚
1071 4161 1239 4240 efflagitaret
1251 4169 1284 4215 ut
1298 4177 1379 4237 (μνω-
