3174 5284
447 529 495 597 n
515 525 839 598 rnuoonnun.
1070 529 1133 626 ινφ

459 739 689 808 COLUMNA
712 738 823 806 XXV.

191 908 226 964 V.
239 905 306 976 4-5.
319 894 409 964 Ἦσαν
422 907 449 964 ἐν
463 903 578 986 ἐπαίνῳ
594 902 692 975 οἰήσει.
704 947 732 962 ..
748 903 791 962 lle
802 903 854 961 diu
868 904 1061 980 considerata,
1081 909 1144 968 llaec

150 1005 683 1100 wnpsipwiisquaeMs.itaexhibet:
702 1004 1098 1093 ΗΕΑΝΕΡΙΚΑΙΝω

157 1130 330 1224 (1Τοίῖ
341 1187 351 1220 ,
371 1145 479 1202 inserta
491 1143 700 1221 praepositione
713 1141 741 1200 ἐν
757 1161 845 1219 quam
860 1161 960 1199 sensus
972 1144 1146 1220 requirebat.

156 1249 295 1318 Ἔπίαενος
310 1249 455 1328 reperitur
467 1249 499 1306 in
516 1249 553 1307 ll.
572 1245 708 1326 Stephon.
723 1243 824 1320 Thes,
837 1253 858 1303 t.
873 1243 931 1319 ΙΙΙ,
950 1267 981 1325 p.
1001 1243 1086 1327 1627,
1101 1253 1147 1310 ed.

158 1365 256 1424 Didae
268 1361 355 1436 Quod
368 1364 405 1422 od
415 1359 529 1442 ἐπαίνῳ
542 1381 597 1438 pro
619 1341 819 1424 ΕΡΙΚΑῙΝ
837 1356 883 1428 ω
897 1361 1019 1436 adtinet,
1042 1377 1149 1424 notan*

159 1469 229 1528 dom
238 1484 282 1528 est
295 1469 404 1528 centies
419 1467 580 1548 permutari
593 1464 668 1534 κενός
680 1481 709 1526 et
720 1466 817 1534 καινός.
839 1470 883 1528 Cf.
896 1471 1002 1529 Joanu.
1021 1471 1150 1531 Sioeliot.

160 1566 255 1626 Schol.
270 1567 302 1624 in
313 1566 449 1644 llermog.
461 1567 506 1624 De
525 1565 651 1637 Formis,
676 1565 710 1625 l:
729 1562 842 1644 Κοίφων
856 1563 906 1646 γάρ
925 1589 953 1624 τι
972 1563 1018 1624 καί
1043 1566 1152 1638 ἠλιθίων

161 1659 400 1742 ruminosi-{solor
421 1661 502 1721 παντὶ
524 1664 563 1742 τῷ
581 1660 685 1741 λέγοντι
698 1661 745 1721 καὶ
762 1659 847 1731 tatere
868 1660 955 1730 ἄλλως
976 1672 1064 1731 κεναῖς
1077 1665 1154 1742 (cod.

161 1760 226 1820 Par.
243 1767 357 1834 καιναῖς,
371 1779 461 1838 supra
480 1781 508 1816 αι
529 1759 639 1836 scripto
659 1757 683 1837 s)
696 1802 705 1831 ‚
722 1758 742 1818 Ι,
756 1759 776 1816 l.
789 1772 808 1816 t
821 1760 877 1833 Vl,
890 1780 920 1837 p.
934 1779 1012 1836 ¹193
1034 1764 1155 1820 Auctor.

162 1858 312 1920 Rhetoric.
324 1877 389 1934 quae
401 1843 520 1933 Dionys.
532 1855 624 1916 Helio.
638 1855 742 1925 fertur,
756 1856 793 1926 X,
810 1876 845 1914 12
858 1878 866 1912 ι
882 1855 939 1916 Καὶ
952 1856 1081 1939 ὁμολογία
1090 1861 1158 1938 χρῆ-

164 1960 235 2030 σθαι,
248 1961 326 2016 τοῦτο
335 1957 410 2036 ῥῆμα
420 1951 448 2022 ἐξ
458 1951 541 2024 ἄλλης
556 1951 627 2019 ἰδίας
650 1951 736 2030 λόγων
754 1941 835 2012 εἶναι·
854 1951 933 2025 ἱκανὴ
955 1952 1006 2034 γὰρ
1030 1953 1158 2034 ὁμολογία

164 2051 212 2112 καλ
224 2050 381 2132 παραμυθία
395 2053 444 2121 ιῆς
455 2049 594 2122 κενότητος
607 2051 677 2124 κτλ,
691 2049 743 2107 ubi
755 2047 913 2122 καινότητος
929 2052 1084 2128 legendum
1097 2074 1159 2114 esse

166 2151 281 2208 monuit
300 2149 453 2226 Sylburg.;
466 2147 587 2224 Dionys.
598 2147 691 2205 llalic.
704 2147 735 2204 in
748 2148 837 2206 Isoer.
849 2149 936 2208 Xlll:
960 2147 1101 2215 Φιλόνικος
1111 2149 1160 2228 μὲν

167 2245 218 2328 γὰρ
232 2248 247 2304 ὃ
261 2241 431 2320 διαλεκτικὸς,
450 2242 501 2316 τὴν
515 2241 598 2315 ἄλλην
609 2239 775 2314 κατασκευὴν
791 2246 839 2314 τῆς
857 2241 952 2311 λέξεως
969 2245 1084 2305 ἐπαινῶν
1094 2249 1161 2305 τοίν-

169 2343 228 2425 δρὸς
250 2343 298 2414 τῆς
318 2339 480 2413 νίαινόιητος.
500 2339 635 2418 Sylburg.
657 2339 844 2398 scribendum
867 2359 929 2399 esse
960 2341 1163 2420 suspicabatur

169 2437 317 2513 αενίιητος,
330 2438 410 2516 quod
422 2439 519 2496 firmat
538 2437 603 2496 cod„
619 2438 685 2497 Par.
700 2437 743 2494 1t⁰
758 2445 842 2508 1742.
859 2437 905 2496 Ex
920 2437 975 2496 hac
993 2439 1164 2501 confusione

171 2550 268 2596 ortum
290 2549 335 2594 est
354 2536 561 2615 proverbium:
583 2531 672 2593 πολλὰ
685 2532 765 2593 καινὰ
779 2521 816 2592 ὧν
830 2532 990 2595 τὰπλεῖστα
1003 2537 1076 2597 κενοί.
1099 2539 1164 2600 Διί-

172 2633 239 2693 dam
255 2631 342 2698 κοινός
360 2652 416 2711 pro
428 2630 503 2697 κενός
516 2639 546 2689 et
568 2628 656 2695 καινός
671 2649 748 2709 saepe
768 2651 931 2690 occurrere.
953 2633 997 2690 Cf.
1016 2634 1048 2692 in
1063 2637 1166 2713 primis

173 2729 296 2790 Dorvill.
317 2729 348 2786 iu
362 2729 512 2787 Chariton.
527 2747 556 2806 p.
568 2727 724 2796 ors-62&
747 2727 790 2786 cl.
805 2727 971 2786 Boissonad.
995 2730 1026 2787 in
1045 2732 1167 2792 Planud.

174 2821 367 2902 Metamorph.
387 2843 417 2903 p.
435 2825 502 2900 528,
515 2837 578 2883 not.
598 2843 632 2896 ¹3
653 2823 696 2882 cl.
709 2822 800 2896 llase,
823 2823 854 2880 iu
869 2824 943 2901 Lyd.
962 2828 1007 2884 De
1020 2839 1124 2886 ostent.
1139 2850 1169 2908 p.

177 2925 251 2997 3163
275 2923 317 2982 cl.
334 2927 494 2996 Letronne,
515 2921 534 2979 l.
552 2921 589 2995 l.,
610 2942 639 2998 p.
656 2929 725 2997 491.
739 2920 988 2994 Μεταδοθήσεσθαι,
1004 2924 1083 3002 quod
1094 2925 1170 2985 bene

178 3019 314 3098 congruit
326 3040 394 3078 cum
408 3019 561 3093 sententia,
570 3017 673 3095 scripsi
684 3037 739 3094 pro
751 3018 900 3076 elementis
908 3039 972 3096 quae
982 3023 1035 3080 llls.
1048 3023 1171 3104 prabet,

173 3121 253 3182 νόε
278 3120 426 3197 ...ΓΙΤ
451 3120 582 3197 leot.

216 3250 249 3308 ln
265 3243 355 3322 hujus
367 3238 552 3320 perdifficilis
566 3237 624 3296 loci
639 3237 877 3315 interpretatione
892 3251 980 3317 atque
991 3243 1174 3303 restitutione

178 3343 269 3402 multa
281 3361 329 3400 me
341 3335 502 3416 ‘angebant
528 3334 667 3396 Nonnihil
684 3334 761 3392 enim
781 3335 929 3412 religionis
946 3339 1084 3398 movebat
1101 3331 1172 3414 ἦσαν

178 3441 219 3500 sic
234 3439 364 3520 positum
386 3445 454 3511 post
473 3431 519 3490 καλ
538 3429 665 3512 πάρεστιν
684 3431 712 3488 ἐν
734 3430 833 3510 ἑτοίμῳ
852 3431 947 3511 λέγειν,
965 3450 1072 3513 praeter
1090 3459 1179 3516 quem

179 3538 259 3616 quod
279 3531 428 3593 haerebam
447 3529 555 3588 dubius
576 3529 613 3586 de
631 3549 717 3587 sensu
735 3527 892 3587 verborum
917 3531 963 3594 ἀπ’
975 3535 1057 3605 αὐτῆς
1082 3535 1179 3616 τέχνης

179 3634 268 3694 παισί.
283 3635 355 3705 Quae
366 3640 465 3707 partes
475 3628 507 3686 iu
530 3646 630 3686 omnes
646 3627 771 3684 versanti
789 3626 860 3684 mihi
880 3628 997 3688 taudem
1016 3633 1112 3692 visum
1123 3647 1180 3704 est,

179 3732 210 3789 h.
224 3732 242 3794 l.
258 3725 312 3788 ἀπό
325 3727 486 3804 significare
500 3743 616 3782 causam
628 3723 818 3797 efficientem,
830 3725 877 3782 vel
888 3727 987 3803 potius
1002 3729 1182 3790 instrumen-

181 3817 261 3898 tunr3
276 3839 308 3884 ut
325 3843 425 3882 sensus
438 3823 484 3896 sit,
499 3823 559 3880 sive
570 3824 718 3878 secundum
733 3826 820 3878 solam
840 3837 940 3892 ortem,
964 3826 1025 3883 sive
1035 3831 1119 3883 solius
1128 3849 1179 3884 ar-

182 3933 216 3982 tis
230 3929 290 4002 ope.
311 3924 355 3982 Do
370 3921 421 3978 tali
435 3919 645 3997 significatione
661 3919 874 3996 praepositionis
886 3920 957 3990 ἀπό,
976 3922 1098 3998 legenda
1111 3937 1179 3981 sunt

183 4041 219 4080 ea
230 4039 296 4098 quae
315 4028 492 4076 annotantur
509 4016 540 4072 iu
551 4015 648 4092 Viget·
660 4013 819 4086 Idiotism„
830 4015 849 4072 l.
862 4016 895 4088 l.,
906 4037 936 4094 p.
949 4018 1002 4075 581
1010 4019 1096 4076 -582
1107 4020 1180 4078 Pro-

184 4117 253 4175 inde
276 4115 423 4191 intelligo:
448 4138 460 4163 «
477 4114 510 4172 λιι
526 4112 667 4188 opinione
686 4131 759 4168 vanu
774 4112 984 4183 versabantur,
1003 4115 1092 4173 solius
1117 4121 1187 4177 artis

991 4211 1039 4281 26
