3174 5284
405 542 471 613 128
718 541 1070 615 ANNOTATIONES

398 702 498 760 aanor
512 699 667 760 videretur.
681 702 734 760 us.
750 698 838 760 nane
861 686 1247 768 remordatione:
1283 697 1396 760 nunu

400 792 429 868 Ε
450 807 481 865 in
502 793 558 884 0,
573 827 638 884 quae
654 806 757 864 millies
772 807 1000 878 confunduntur,
1010 807 1113 885 scripsi
1123 806 1298 890 κοιλορώνωτ.
1310 810 1396 885 Saepe

310 897 319 916 λ
399 914 486 992 χειλος
505 925 535 971 et
558 914 643 980 κοῖλος
669 913 830 992 permutari
862 912 947 972 docet
975 915 1010 973 Η.
1038 914 1178 992 Stephan.
1203 916 1289 974 Thes.
1305 927 1324 973 t.
1343 915 1395 992 lV,

399 1031 429 1090 p.
449 1018 516 1086 top,
529 1009 575 1069 ed.
598 1011 672 1085 1572
682 1035 711 1070 :r
724 1013 782 1071 Pro
793 1010 980 1091 χιιλοοτομία,
993 1012 1073 1090 quod
1088 1012 1117 1070 in
1129 1027 1157 1070 v.
1171 1013 1263 1073 lesse
1279 1013 1395 1083 dicitur,

400 1127 490 1184 quum
512 1128 570 1166 vox
582 1109 664 1184 quasi
682 1109 712 1166 in
732 1128 845 1167 recessu
863 1109 996 1179 auditur,
1008 1108 1193 1167 scribendum
1204 1107 1395 1186 κοιλοοτομία,

401 1204 438 1264 de
451 1226 510 1284 quo
527 1225 614 1283 supra
625 1207 664 1285 (b.
678 1226 703 1265 e.
717 1217 736 1263 t.
748 1207 804 1274 lll,
818 1226 845 1284 p.
862 1206 971 1282 solil.»
979 1205 1074 1278 ldem,
1086 1205 1156 1264 ibid.
1164 1217 1184 1264 t.
1195 1208 1243 1280 lV,
1258 1226 1288 1284 p.
1307 1209 1396 1283 1349:

401 1302 574 1384 Λαρυγγίζειν
595 1303 749 1382 significat,
767 1316 838 1363 teste
855 1305 1033 1383 llarpaerat,
1046 1301 1077 1362 τὸ
1089 1300 1231 1363 πλατύνειν
1246 1301 1294 1374 τλν
1306 1301 1396 1384 φωνὴν

402 1400 448 1460 καλ
469 1397 507 1479 μὴ
522 1397 682 1483 κατὰφύσιν
700 1399 871 1483 φθέγγεσθαι,
891 1400 950 1460 ἀλλ’
964 1397 1119 1474 ἐπιτηδεύειν
1146 1398 1341 1482 περιεργότερον
1358 1403 1396 1481 τῷ

402 1495 515 1580 λᾶρυγγι
530 1499 646 1579 χρῆσθαι

443 1597 477 1653 V.
501 1615 549 1652 οι.
575 1591 780 1677 Ἐρλυαρήθη..
798 1639 805 1651 .
825 1593 909 1654 Haud
926 1592 1050 1652 absimili
1075 1594 1163 1652 modo
1199 1594 1325 1664 Noster,
1351 1594 1395 1652 De

404 1689 524 1762 Musio,
539 1691 594 1749 col.
609 1689 705 1762 XXX,
729 1710 757 1748 v.
778 1693 874 1749 6·ro:
895 1688 1086 1772 Περλυοίρηται
1104 1688 1127 1748 δ’
1152 1680 1190 1757 οἷς
1209 1712 1274 1748 ποτε
1295 1687 1397 1771 εἴρηται

404 1787 449 1848 καὶ
463 1783 497 1846 τὰ
509 1785 570 1869 περὶ
584 1791 631 1860 τῆς
645 1794 699 1855 τοῖς
722 1785 862 1870 μετεώροις
884 1785 1046 1866 ὁμοιότητος.
1069 1786 1113 1847 cf.
1138 1788 1250 1850 Platon.
1275 1787 1397 1846 Conviv.

405 1885 492 1942 Reli.
508 1884 553 1942 ed.
565 1882 656 1944 Lond.
670 1885 755 1956 1826,
770 1896 790 1942 t.
802 1885 837 1957 V,
856 1905 884 1962 p.
901 1893 956 1954 al:
979 1880 1111 1963 Αἰσχύλος
1125 1880 1153 1941 δὲ
1165 1885 1276 1964 φλυαρεῖ
1288 1881 1397 1966 φάσκων

405 1977 530 2061 Ἀχιλλέα
554 1977 711 2062 Πατρόκλου
734 1981 807 2062 ἰρᾷν,
832 1979 860 2047 ὃς
880 1969 912 2053 ἦν
934 1979 1051 2040 καλλίων
1070 1981 1101 2038 οὖ
1126 1977 1205 2057 μόνον
1228 1977 1397 2062 Πατρόκλου,

406 2074 475 2136 ἀλλὰ
486 2075 531 2135 καλ
542 2078 595 2135 τῶν
609 2074 703 2157 ἡρώων
719 2076 853 2137 ἁπάντων.
866 2077 956 2148 Idem,
972 2077 1002 2135 in
1009 2076 1156 2151 Pbaedon,
1165 2078 1243 2155 l.l.p.
1261 2076 1397 2150 175-176:

406 2171 531 2257 Ἐρώτων
544 2171 572 2232 δὲ
586 2171 632 2232 καλ
643 2175 788 2253 ἐπιθυμιῶν
802 2172 847 2234 καλ
860 2173 948 2258 ρόώων
970 2173 1016 2232 καλ
1032 2170 1147 2258 εἰδώλων
1161 2173 1338 2234 παντοδαπῶν
1353 2170 1398 2232 καὶ

408 2268 535 2358 φλυαρίας
548 2269 712 2348 ἰμπῖπληοιν
726 2276 798 2350 ἡμᾶς
816 2273 925 2344 πολλῆς.

449 2388 481 2445 V.
491 2382 590 2443 26.ss
602 2381 650 2462 μὲν
665 2383 733 2444 ἄλλα
743 2384 860 2468 παρά...
873 2387 906 2446 ln
920 2387 982 2444 Mn:
1003 2370 1144 2454 wa.
1163 2427 1171 2445 .
1190 2369 1398 2459 .ᾹΛΧΡᾹ,

410 2495 459 2556 ubi
474 2499 525 2561 ω
540 2511 594 2570 pro
607 2479 647 2553 Μ
665 2513 726 2551 esse
746 2505 857 2552 eertum
877 2490 999 2550 iaciebat
1020 2494 1074 2551 col.
1099 2493 1230 2566 XXXlV,
1245 2511 1271 2550 v.
1290 2510 1341 2560 103
1363 2488 1401 2547 ibi

409 2604 486 2659 enim
499 2614 578 2680 patet
591 2585 794 2667 ωΟΝΟΝ
813 2617 873 2657 esse
885 2617 940 2676 pro
954 2584 1160 2663 ΜΟΝΟΝ.
1173 2598 1323 2658 Elementa
1339 2615 1402 2674 qnae

410 2709 470 2766 sive
480 2706 589 2778 addidi,
598 2707 658 2764 sive
673 2703 849 2783 transcripsi,
862 2703 1029 2762 indicabant
1040 2705 1165 2781 spatium
1177 2704 1403 2783 superstitesque

410 2804 521 2862 litteras.
533 2801 619 2873 Quod
642 2801 745 2860 attinet
754 2801 790 2860 ad
802 2783 1098 2878 ΧΡᾹΞΓᾹΡᾹ,
1114 2801 1170 2862 hoc
1187 2802 1297 2860 restitui
1312 2822 1348 2860 ex
1369 2802 1403 2860 iis

411 2925 476 2987 quas
497 2921 659 2986 sequuntur
671 2907 726 2963 col.
739 2907 805 2977 XX,
819 2927 848 2965 v.
871 2927 881 2964 ι
899 2928 906 2963 :
927 2905 971 2966 Τὰ
986 2904 1014 2965 δὲ
1027 2906 1073 2966 καὶ
1086 2905 1150 2990 παρ’
1163 2907 1313 2988 ἱστορικῶν.

450 3004 484 3062 V.
505 3005 551 3063 οδ.
576 3005 755 3074 Ποιητῶν...
788 3001 871 3062 llaud
891 3003 952 3060 scio
972 3023 1008 3060 an
1028 3003 1218 3063 Philodemus
1236 3003 1354 3063 adludat
1367 3003 1404 3062 ad

412 3123 524 3182 eaquae
553 3114 647 3180 ptoetae
660 3099 797 3160 dixerunt
819 3101 856 3160 de
871 3100 1010 3160 heroibus
1032 3102 1127 3161 verbis
1148 3102 1206 3161 suis
1237 3121 1403 3161 accommo-

413 3199 549 3259 dantibus
563 3212 658 3258 motus
672 3199 823 3277 corporis3
846 3219 910 3276 quae
926 3219 992 3277 pars
1012 3200 1158 3277 praecipue
1175 3199 1253 3257 valet
1270 3197 1301 3256 in
1313 3198 1406 3259 Actio

412 3317 458 3355 ne.
479 3297 522 3357 Cf.
544 3295 663 3354 Gerard.
694 3297 798 3355 loann.
816 3298 899 3355 Voss.
922 3297 1048 3355 Institut.
1066 3297 1158 3369 Orat,
1177 3297 1233 3369 Vl,
1247 3295 1303 3368 XI,
1325 3299 1340 3366 ς
1359 3315 1404 3360 11,

417 3391 449 3451 ιο
464 3394 500 3452 de
519 3406 596 3452 statu
613 3406 642 3453 et
657 3394 784 3452 sessione
809 3394 953 3464 oratoris;
979 3397 1012 3452 2⁰
1030 3393 1067 3452 de
1089 3395 1193 3465 vultu,
1213 3391 1243 3450 3⁰
1264 3394 1301 3452 de
1325 3404 1406 3470 gestu

412 3491 532 3552 cervicis
545 3509 578 3549 ac
592 3489 789 3550 membrorum
801 3510 866 3568 quae
883 3490 920 3549 ad
932 3491 1066 3568 corporis
1089 3502 1222 3550 truncum
1249 3491 1405 3570 pertinent.

845 3707 977 3727 ...Ο-η

749 3854 973 3923 COLUMNA
999 3856 1075 3922 XX.

455 4029 489 4089 V.
505 4029 566 4086 1-3.
585 4023 632 4095 ’Et
653 4015 1019 4087 dr-xnrultelolrroeotv...
1041 4029 1106 4086 llaeo
1126 4027 1282 4086 admodum
1301 4030 1407 4087 incerta

416 4126 497 4194 verti,
511 4126 592 4202 quasi
605 4124 723 4183 dixisset
737 4125 768 4182 ix
783 4122 881 4183 τούτοιν
896 4122 997 4184 ἃαῦτολ
1019 4124 1124 4205 γραπτὰ
1139 4123 1368 4185 καταλελοίπασιν.
