3194 5286
1117 534 1183 592 cttt

193 688 388 760 mttsinter
407 683 571 780 ejusdem
600 682 707 754 effata
727 682 772 754 de
795 683 955 778 sapiente
975 681 1183 753 lraecreceu-
1246 737 1249 742 .
1334 753 1339 760 ,

192 811 262 882 seri
278 837 286 879 ε
300 802 374 880 οὐδὲ
389 812 574 906 ῥητορεύσειν
590 814 730 888 καλῶς...
749 801 821 876 οὐδὲ
835 807 1066 875 πολιτεύσεσθαι
1074 791 1184 898 (277).

191 929 342 996 Mortuo
370 925 549 1020 Epicuro,
580 919 676 992 idem
703 920 904 992 Rhetoricae
934 931 1183 1016 contemptus,

193 1039 319 1112 eadem
347 1034 717 1134 rerumpublicarum
747 1035 964 1132 negligentia
991 1033 1093 1130 (278)
1117 1030 1186 1102 fuit

192 1152 287 1252 apud
296 1153 374 1247 ejus
383 1149 581 1248 discipulos
589 1173 748 1246 quorum
756 1149 879 1220 titilius
888 1147 923 1219 id
936 1148 1185 1230 commisisset,

192 1283 234 1338 nt
248 1265 504 1362 amagistrisui
515 1264 654 1361 placitis
668 1264 882 1336 descisceret
893 1263 1006 1362 (279).
1017 1267 1091 1332 Hac
1106 1261 1187 1331 reli·

192 1380 453 1480 gioneductus,
465 1379 700 1452 Philodemus
722 1377 902 1477 sophistas
914 1401 1100 1475 aggressus
1118 1389 1183 1464 est,

192 1499 256 1592 qui
278 1497 430 1592 juvenes
450 1494 496 1566 ad
519 1493 756 1592 capessendas
780 1519 840 1564 ¹res
864 1491 1026 1590 publicas
1051 1490 1183 1561 adhor-

193 1608 372 1679 tabantur.

239 1713 362 1792 Nostri
397 1723 494 1792 enim
528 1737 740 1818 argumenta
778 1718 975 1792 ostendunt
1004 1717 1183 1815 sophistas

232 1937 313 2018 (277)
327 1941 414 2017 Diog.
428 1939 522 1999 Laese
533 1937 646 2013 Libii,
661 1939 801 2014 trs-119.

230 2037 313 2114 (278)
326 2037 385 2096 Cic.
397 2037 441 2094 De
449 2038 528 2096 Orat.
535 2037 589 2110 lli,
604 2056 654 2108 17:
672 2061 684 2089 ο
697 2037 826 2096 Fuerunt
837 2037 924 2096 etiam
934 2035 991 2094 alia
1002 2053 1109 2114 genera
1119 2034 1184 2113 phi·

195 2132 397 2211 losephorum.
409 2175 418 2192 .
430 2175 437 2190 .
450 2133 511 2192 .Ex
521 2132 577 2190 illis
591 2144 687 2191 autem
697 2151 762 2210 quae
775 2145 943 2206 remanent,
955 2153 989 2191 ea
1000 2131 1184 2210 philosophia

193 2251 257 2308 quae
270 2231 395 2306 suscepit
411 2231 604 2309 patrocinium
621 2227 796 2308 voluptatis,
820 2233 875 2289 etsi
892 2231 939 2288 eui
961 2249 1030 2288 vera
1042 2229 1185 2300 videatur,

193 2328 295 2405 procul
307 2327 389 2387 abest
400 2341 495 2388 tamen
507 2327 544 2385 ab
557 2347 593 2385 eo
605 2327 669 2384 viro
680 2345 766 2403 quem
776 2327 941 2403 quaerimus,
952 2339 981 2385 et
992 2346 1079 2405 quem
1091 2338 1188 2383 aucto·

193 2445 252 2484 rem
264 2423 378 2504 publici
390 2425 503 2484 consilii
519 2437 548 2482 et
567 2423 700 2502 regendae
712 2424 838 2482 civitatis
850 2423 972 2493 ducem,
988 2434 1018 2481 et
1034 2423 1184 2482 sententie

192 2535 278 2600 atque
291 2522 464 2600 eloquentiae
478 2521 640 2600 principem
660 2522 691 2578 in
706 2533 826 2592 senatu,
847 2521 876 2578 in
899 2520 1027 2598 populo,
1049 2520 1079 2578 in
1090 2519 1184 2578 causis

193 2619 316 2698 publicis
326 2621 539 2681 essevolumus.
549 2618 676 2680 Neculla
688 2631 785 2677 tamen
800 2619 825 2678 ei
841 2617 1034 2696 philosophia
1046 2619 1096 2676 liet
1106 2614 1184 2694 inju-

194 2717 233 2774 ria
241 2716 371 2776 anobis:
385 2736 445 2776 non
459 2716 535 2774 enim
546 2715 702 2794 repelletur
713 2715 790 2788 inde,
802 2733 862 2793 quo
873 2714 991 2793 aggredi
1005 2715 1122 2792 cupiet;
1133 2711 1184 2772 sed

193 2814 222 2872 in
231 2813 354 2872 hortulis
364 2813 492 2892 quiescet
503 2813 573 2886 suis,
582 2810 633 2870 ubi
644 2813 724 2882 vult3
739 2811 792 2870 ubi
803 2814 890 2872 etiam
904 2811 1046 2872 recubam
1060 2810 1184 2872 molliter

194 2923 221 2968 et
235 2911 373 2984 delicate,
384 2929 438 2967 nos
451 2919 582 2968 avocata
597 2909 712 2980 rostris,
730 2929 747 2968 a
758 2907 896 2986 judiciis,
913 2911 1040 2981 acaria,
1063 2909 1184 2966 tortasse

194 3007 352 3086 sapienter,
373 3007 427 3064 hac
441 3005 600 3084 praesertim
621 3003 806 3083 republica.»
1172 3075 1175 3086 Ι

231 3103 312 3184 (²79)
332 3103 418 3181 Diog.
434 3107 528 3162 Laert.
551 3101 569 3158 l.
583 3100 611 3173 l.,
627 3121 659 3177 9:
672 3098 699 3160 ol
713 3123 743 3158 τε
759 3099 888 3182 γνώριμοι
899 3099 995 3166 πάντες
1009 3107 1067 3168 ταῖς
1085 3100 1184 3179 δογμα-

193 3207 277 3268 τικαῖς
302 3201 381 3257 αὐτοῦ
413 3199 517 3280 σειρῆσι
540 3195 823 3275 προσκατασχεθέντες.
846 3196 1057 3257 Aldobrandin.
1079 3198 1182 3254 vertit:

194 3299 294 3357 ntum
312 3294 446 3375 discipuli
465 3313 566 3353 omnes
579 3293 656 3352 illius
673 3293 795 3353 decretis
809 3295 891 3372 quasi
912 3295 1022 3354 detenti
1039 3295 1159 3366 catenis,
1170 3323 1184 3344 a»

194 3394 313 3471 perinde
327 3415 360 3451 ac
374 3394 398 3451 si
412 3391 526 3470 legisset
546 3399 653 3470 σειραῖς.
670 3371 772 3451 benec.
793 3391 884 3468 Epist.
908 3392 1028 3451 XXXlll
1045 3414 1052 3448 :
1071 3392 1183 3470 «Apud

192 3493 261 3550 istos
273 3489 436 3565 (subintell.
453 3487 634 3568 Epicureos)
648 3488 789 3566 quidquid
803 3488 874 3548 dicit
885 3490 1085 3562 Hermarchus,
1100 3489 1184 3566 quid-

193 3588 261 3666 quid
275 3587 467 3659 Metrodorus,
483 3585 519 3644 ad
531 3605 621 3644 unum
634 3586 774 3644 refertur:
792 3586 889 3645 omnia
910 3606 974 3664 quse
990 3587 1142 3664 quisquam
1154 3587 1185 3643 in
1219 3584 1221 3588 ’

193 3686 241 3744 illo
257 3684 449 3745 contubernio
470 3685 582 3742 locutus
603 3695 662 3753 est,
685 3685 770 3742 tinius
790 3684 882 3743 ductu
901 3697 931 3742 et
950 3685 1086 3770 auspiciis
1107 3685 1184 3742 dicta

192 3797 291 3843 sunt.»
312 3783 471 3844 Numenius
488 3783 517 3838 in
540 3779 646 3839 Euseb.
666 3781 822 3860 Praeparat.
853 3784 990 3861 Evangel.
1005 3783 1086 3856 xtv,
1107 3781 1142 3839 5:
1160 3783 1183 3838 oi

193 3877 458 3960 Ἐπικούρειοι...ἓν
482 3877 567 3936 οὐδενὶ
588 3874 635 3953 μὲν
657 3875 783 3957 ὤρθησαν
806 3878 959 3962 Ἐπικούρῳ
981 3877 1085 3937 ἐναντία
1109 3875 1184 3953 θέμε-

192 4001 230 4035 νοι
251 3979 381 4054 οὐδαμῶς.
402 3973 633 4054 Ὁμολογήσαντες
654 3973 682 4032 δὲ
705 3964 773 4034 εἶναι
795 3975 876 4059 Σόρῳ
898 3974 1113 4053 συνδεδογμένσι,
1137 3973 1183 4031 καὶ

193 4072 265 4132 αὐτοὶ
279 4071 322 4132 διὰ
337 4079 414 4132 τοῦτο
434 4070 586 4130 ἀπέλαυσαν
603 4073 650 4141 τῆς
661 4069 831 4151 προσρήσεως
844 4070 960 4137 εἰκότως·
985 4066 1084 4148 ὑπῆρξέ
1102 4091 1130 4126 τε
1153 4069 1182 4125 ἐκ
