3174 5284
477 572 527 641 lu
552 569 873 644 omnonauou.
1101 573 1168 661 ιιι

180 741 308 810 mirum,
333 737 358 794 si
376 734 468 795 aetatis
484 753 542 792 suae
562 733 680 821 Stoicos
702 733 779 794 inter
798 733 991 814 philosophos
1015 737 1105 806 κακῶς
1122 759 1174 818 ρο.

181 833 389 915 eulogium<
399 833 506 894 Noster
517 832 775 891 annumeraverit?

221 978 254 1036 t.
273 995 318 1034 ιο.
333 973 489 1046 Καινῆς...
515 973 570 1034 lls.
595 971 715 1031 exhibet
740 957 860 1036 ΚΑΙ...
876 973 985 1032 Vocem
1008 979 1100 1048 καινῆς
1117 999 1176 1056 po-

183 1083 242 1152 sui,
258 1072 326 1140 ideo
348 1079 430 1158 quod
457 1075 631 1158 σιιιιιμμᾶτιόν
646 1102 674 1138 τι
699 1071 793 1138 inesse
812 1073 928 1138 videtur
950 1081 982 1140 in
1013 1077 1176 1144 Philodemi

182 1177 289 1240 verbis.
309 1180 374 1238 lluc'
391 1195 437 1236 me
457 1175 650 1244 adduxerunt*
662 1175 754 1236 verba
769 1196 834 1256 quae
854 1178 1002 1255 quondam
1022 1171 1175 1240 Philemon
1207 1209 1211 1221 ι

180 1271 301 1356 jactavit
311 1275 342 1334 in
355 1273 519 1348 Zenonem,
533 1274 700 1333 Stoicorum
711 1274 891 1353 prinoipem3
903 1275 988 1356 Diog.
998 1277 1093 1336 Laert.
1103 1280 1175 1353 Vll,

185 1395 241 1448 τρι
265 1368 346 1450 Οἵγε
373 1364 427 1451 μὴν
448 1366 576 1448 Κωμικολ
596 1369 737 1430 ἐλάνθανον
765 1373 931 1441 ἐπαινοῦντες
954 1370 1032 1432 αὐτὸν
1058 1372 1102 1434 διδ
1124 1367 1178 1435 τῶν

183 1467 366 1548 οκιομμᾶτῶν,
378 1465 423 1528 ἵνα
436 1464 482 1528 καὶ
493 1459 627 1546 Φιλήμων
641 1466 721 1548 φησὶν
734 1467 817 1537 οὕτως
830 1471 857 1528 ἐν
879 1468 993 1552 δράματι
1006 1471 1177 1554 Φιλοσόφοις

307 1594 349 1649 Ele
364 1590 517 1656 ἄρτονδψον,
534 1590 613 1653 ἰσχὰς,
630 1591 730 1641 ἐπιπιεῖν
746 1591 817 1657 ὕδωρ·

308 1670 452 1734 Φιλοσοφίαν
468 1672 551 1730 ιιαινήν
567 1669 612 1736 γὰρ
627 1669 694 1727 οὗτος
704 1672 832 1734 φιλοσοφεῖ·

307 1747 394 1816 Πεινῇν
412 1749 526 1814 διδάσκει,
543 1752 583 1800 stol
600 1751 703 1814 μαθητὰς
719 1751 839 1815 leutius.

222 1862 258 1926 V.
277 1875 379 1934 12-14.
397 1863 467 1932 Τοὺς
480 1867 586 1937 ἀληθεῖς
597 1863 790 1944 ἐνεῖναι-οὐχὶ
804 1860 864 1932 τοὺς
877 1863 1012 1946 ΙΙψευδεῖς..
1025 1911 1034 1929 .
1050 1863 1127 1930 Vero
1139 1871 1179 1932 si-

185 1962 250 2022 mile
270 1962 396 2035 videtur,
418 1973 485 2020 ante
497 1961 603 2036 ἐνεῖναι,
616 1980 644 2018 v.
663 1980 714 2031 ra,
732 1952 840 2040 aliquid
858 1949 1010 2024 excidisse.
1027 1957 1180 2026 ‘subintel-

184 2061 242 2139 ligo
260 2079 362 2118 vocem
375 2055 477 2138 λόγους,
489 2077 577 2137 quam
593 2078 693 2116 sensus
706 2059 838 2136 requirit.
857 2059 997 2131 Qoaenarn
1010 2063 1181 2141 argumenta
1223 2077 1225 2084 ’

185 2151 263 2229 lalsa,
279 2174 413 2236 quoenam
428 2171 498 2213 vera
514 2154 636 2228 luerint,
651 2175 668 2212 e
683 2167 781 2213 mente
793 2155 973 2231 Stoicorum,
993 2157 1079 2217 docet
1094 2161 1179 2240 Diog.

185 2251 281 2314 Laert.'
295 2253 315 2310 l.
330 2253 362 2325 1.,
375 2272 429 2328 79:
445 2241 509 2310 Ἔτι
521 2241 574 2308 τῶν
588 2239 673 2328 λα”γων
688 2252 713 2308 οἵ
728 2247 777 2328 μὲν
786 2251 892 2322 ἀληθεῖς
900 2253 975 2326 εἰσιν,
989 2249 1013 2311 ol
1027 2253 1055 2312 δὲ
1065 2251 1178 2336 ψευδεῖς.

185 2342 303 2422 Ἀληθεῖς
324 2345 372 2426 μὲν
393 2331 438 2406 οὖν
454 2348 505 2406 εἰσι
520 2345 612 2426 λόγον,
633 2349 657 2404 οἱ
678 2335 713 2405 δι’
724 2349 828 2419 ἀληθῶν
846 2347 1016 2428 συνάγοντες,
1033 2341 1096 2410 οἷον·
1117 2351 1179 2426 stu

186 2445 265 2530 ἀρετὴ
279 2447 389 2526 ὠφελεῖ,
410 2445 428 2516 ἠ
442 2441 524 2504 rotulo
541 2435 660 2524 βλάπτει.
671 2445 787 2511 Ψευδεῖς
797 2442 828 2502 δέ
844 2445 910 2505 εἰσιν
922 2441 947 2504 ol
960 2447 1013 2506 τῶν
1023 2447 1180 2527 Ιλημμάτιον

186 2540 290 2622 ἔχοντές
312 2563 339 2600 τι
365 2541 469 2622 ψεῦδος,
492 2531 510 2612 ἢ
535 2538 677 2623 ἀπέραντοι
690 2538 780 2616 ὄντες,
800 2529 867 2600 οἷον·
887 2535 910 2600 εἰ
925 2539 1014 2624 ἡμέρα
1030 2544 1102 2620 ἐστὶ,
1126 2548 1181 2625 φῶς

186 2641 266 2698 ἐστιν·
277 2635 368 2719 ἡμέριι
379 2635 409 2696 δί
422 2630 492 2696 ἔστι·
507 2639 538 2717 ζῇ
555 2635 606 2718 ἄρα
617 2636 698 2697 Δίων.

225 2754 260 2812 V.
280 2751 384 2822 είς-ιδ.
399 2748 564 2822 Καλοῧς-ἣ
576 2753 679 2833 πτερῶν
690 2749 836 2812 ἐνδέουσιν.
847 2797 854 2812 .
867 2798 874 2811 .
895 2755 929 2813 ln
940 2753 985 2812 his
1001 2775 1047 2815 me
1057 2759 1181 2820 multum

181 2851 272 2921 torsi,
287 2863 322 2908 ut
334 2849 505 2907 sententiam
520 2848 577 2906 sibi
591 2860 773 2908 constantem
786 2849 855 2910 inde
870 2852 1013 2912 elicerem.
1028 2855 1075 2913 Sic
1088 2855 1182 2915 inter·

188 2927 289 3026 pretor
302 2969 309 3004 :
323 2944 482 3004 absurdum
492 2957 536 3005 est
545 2945 581 3004 ad
592 2965 699 3005 novam
711 2946 925 3026 physiologiam
939 2951 1104 3029 confugere,
1113 2953 1181 3012 idco

187 3044 267 3122 quod
281 3045 312 3102 in
328 3041 416 3102 rebus
430 3063 501 3102 vera
519 3055 689 3120 argumenta
707 3041 806 3103 insunt
820 3049 924 3125 saepius
945 3069 1032 3126 qnam
1051 3051 1141 3119 falsa3
1157 3053 1182 3109 si

188 3141 276 3200 modo
289 3141 429 3200 Naturam
446 3139 551 3198 ducem
562 3159 727 3217 sequamur.
742 3140 826 3200 Nunc
840 3155 953 3218 autern,
967 3165 1057 3221 quum
1070 3145 1112 3204 illi
1125 3147 1182 3226 ipsi

186 3237 276 3315 quiin
285 3236 386 3315 primis
398 3234 539 3294 deberent
547 3235 702 3295 discrimen
710 3255 848 3295 verorum
858 3251 886 3296 et
894 3239 1032 3297 falsorum
1047 3241 1152 3316 facere,
1163 3263 1181 3301 a

187 3333 296 3393 Natura
307 3331 458 3404 recedunt,
471 3331 618 3410 quomodo
626 3332 687 3390 lieri
696 3345 805 3410 posset,
814 3335 931 3392 ntvcris
939 3339 1116 3412 argumentis
1125 3359 1181 3397 πσπ

188 3435 297 3486 omnino
311 3431 448 3485 careant?
462 3429 534 3499 sive,
547 3440 580 3486 ut
589 3427 697 3487 Noster
709 3428 790 3500 dicit,
802 3449 856 3486 non
869 3434 953 3487 multo
965 3439 1053 3510 magis
1067 3451 1185 3495 careant

187 3543 271 3600 qnam
283 3526 407 3601 monis?
429 3527 531 3602 Neque
546 3524 634 3583 habet
650 3525 731 3602 quod
745 3526 875 3584 offendat
889 3530 991 3609 πτερῶν
1006 3532 1180 3608 proverbia-

188 3621 254 3680 liter
273 3629 457 3700 usurpa'tum.
483 3622 557 3680 Vide
576 3621 1075 3710 πτερυγίζειν--πτερυγίζεις-πτερδν
1103 3632 1180 3691 ἀετοῦ

188 3726 291 3800 πτεροῖς
303 3715 391 3777 ἄλλων
407 3717 536 3797 μιγνύεις,
550 3720 585 3798 [in
599 3720 768 3778 Proverbiis
784 3742 800 3780 e
818 3722 981 3797 Zenodoto,
997 3727 1180 3804 Diogenian.,

188 3815 280 3888 Suid„
293 3816 456 3889 collectam,
473 3817 557 3877 (lent.
572 3817 639 3886 llll3
651 3819 784 3876 Michael.
800 3821 945 3898 Apostolii
957 3823 1080 3882 Paruem.
1095 3823 1178 3884 Cent.

189 3915 269 3986 xvl3
287 3913 333 3971 ed.
346 3914 470 3974 Elzevir.
480 3915 524 3972 Cf.
539 3915 652 3974 Erasm.
666 3916 790 3975 Chiliad.
803 3917 831 3991 1,
843 3918 924 3976 Cent.
936 3920 982 3976 Vl.

225 4010 261 4068 Vr
280 4029 388 4086 ¹9r²7v
408 4008 464 4071 Kal
475 4009 528 4068 τῶν
543 4008 604 4091 περὶ
624 4013 670 4069 τοῦ
685 4010 918 4079 δικανικοῦ-ταῖς
934 4015 1090 4094 ἀρεταῖς...
1106 4017 1179 4089 Quae

187 4105 292 4164 Noster
309 4102 344 4163 ad
352 4104 490 4183 judiciale
502 4124 592 4184 genus
603 4107 702 4178 refert,
716 4108 777 4166 lraec
790 4108 971 4168 deliberativi
984 4113 1098 4190 generis
1111 4093 1190 4194 ραν*1
1245 4151 1247 4162 .

188 4213 246 4260 tem
258 4221 320 4261 esse
336 4204 424 4262 tradit
438 4191 700 4264 luctornhetoric.
716 4205 752 4262 ad
764 4207 917 4265 Alexandr.
929 4227 993 4284 cap.
1002 4206 1029 4267 ll
1043 4233 1048 4266 :
1064 4198 1118 4270 'uo
1132 4213 1180 4290 μὲν

989 4313 1031 4384 ²7
