3194 5286
1024 551 1180 608 amnt

186 703 294 802 paulo
315 713 402 798 post
418 697 512 768 dixit
537 711 735 767 muemam
756 695 927 778 salutem,
953 710 996 766 ut
1024 695 1183 792 philoso.

186 819 309 916 phium
334 814 614 911 amplexaretur.

184 1027 204 1116 5
226 1025 288 1094 IV.
313 1027 369 1093 Da
394 1025 604 1090 {iunones
623 1041 668 1088 ar
689 1039 832 1086 arcturo
856 1019 1035 1086 Cornan
1066 1043 1182 1102 osona

548 1157 596 1204 to
614 1136 828 1204 Aoousruu.

233 1332 445 1416 Rhetorica,
472 1351 551 1426 quae
568 1326 613 1398 ab
635 1325 826 1396 Aristotele
842 1341 989 1397 mortuo
1004 1353 1122 1426 usque
1138 1331 1181 1399 ad

188 1445 408 1520 Corinthum
432 1466 590 1514 eversam
608 1439 704 1540 apud
719 1443 978 1539 Peripateticos
997 1447 1110 1540 gratia
1125 1471 1184 1516 va·

188 1559 325 1646 luerat,
339 1559 430 1630 male
440 1570 592 1654 excepta
602 1555 683 1638 fuit,
693 1558 807 1626 immo
815 1559 1051 1654 pervicaciter
1065 1584 1185 1658 oppu-

164 1689 167 1694 “
189 1691 294 1775 gnata
313 1671 359 1745 ab
379 1671 601 1746 Academicis
620 1686 657 1741 et
674 1671 873 1768 Epicureis.
898 1675 1035 1742 Mutata
1058 1688 1181 1746 autem

188 1797 285 1878 vice,
304 1787 389 1860 inde
406 1787 452 1858 ab
470 1785 611 1858 excidio
631 1783 798 1856 Corinthi
821 1809 939 1882 usque
964 1787 1010 1856 ad
1033 1791 1184 1885 Augusti

190 1922 372 2003 tempora,
391 1900 699 2000 philosophorum
728 1900 848 1997 elapsa
881 1900 1070 1990 manibus,
1100 1927 1183 2001 pro-

189 2021 310 2117 prium
345 2014 567 2087 domicilium
612 2013 681 2084 sibi
723 2012 819 2084 lecit.
867 2019 968 2086 Nova
1004 2019 1103 2087 enim
1140 2019 1184 2089 de

189 2137 348 2205 oratoria
382 2145 457 2202 arte
498 2143 677 2229 praecepta
712 2127 942 2200 tradiderunt
987 2131 1186 2228 peculiares

191 2250 373 2348 magistri,
405 2249 500 2316 inter
537 2269 631 2342 quos
670 2249 930 2342 Hermagoras,
970 2245 1186 2344 Apollonius

190 2364 339 2447 Mulon,
382 2361 534 2456 Gorgias
585 2358 839 2446 Atheniensis,
875 2364 1004 2430 Castor
1053 2364 1186 2458 primas

191 2477 440 2549 obtinuerunt.
471 2475 610 2570 Scripta
645 2497 725 2570 quae
766 2472 990 2569 reliquerant
1027 2490 1186 2547 vetustas

192 2617 293 2689 pane
325 2589 499 2677 abolevit3
526 2588 617 2659 adeo
641 2601 682 2658 ut
709 2609 853 2684 pauca,
888 2601 925 2656 et
952 2587 1012 2658 illa
1038 2591 1184 2687 quidem

192 2707 294 2777 valde
309 2703 466 2790 turbata,
487 2705 546 2772 vix
561 2717 703 2774 exstent
718 2701 876 2798 vestigia.
895 2703 984 2792 Quae
1001 2705 1185 2804 indaganti

193 2819 301 2906 mihi,
331 2833 371 2889 ut
402 2815 596 2888 definiatur
629 2817 747 2914 qualis
777 2831 867 2886 tunc
899 2821 1075 2916 temporis
1102 2846 1187 2917 grae·

193 2959 321 3004 corum
339 2933 531 3003 rhetorum
549 2935 641 3002 ratio
661 2928 821 3002 docendi
838 2929 957 3016 luerit,
972 2957 1094 3030 operae
1109 2959 1189 3032 pre·

194 3063 285 3118 tium
317 3071 396 3118 esse
425 3045 583 3132 videtur,
621 3045 782 3116 breviter
818 3069 988 3117 enarrare
1018 3073 1187 3146 quaenam

194 3161 409 3261 disciplinae,
435 3160 494 3232 illa
523 3175 646 3248 aetate,
669 3165 792 3232 Romae
818 3159 1019 3256 viguerint;
1041 3177 1083 3232 ut
1108 3189 1189 3262 quae

195 3301 277 3348 cum
302 3276 431 3348 studiis
453 3280 663 3348 Graecorum
701 3279 899 3348 arctissime
922 3277 1189 3374 conjungeren-

197 3406 265 3462 [ur.

240 3503 539 3602 ApudRomanos
549 3502 1006 3576 semmfuitGrammaticae
1015 3503 1190 3595 studium,

193 3623 454 3720 initiumqueej
460 3621 694 3692 usmediocre
702 3624 836 3694 exstitit
845 3622 956 3719 (196)
967 3623 1094 3696 Nullos
1108 3641 1190 3696 ante

193 3741 355 3838 'Appium
371 3737 567 3808 Claudium
582 3737 684 3836 (197)
700 3753 921 3808 memoratos
936 3737 1042 3809 ludos
1059 3740 1192 3812 littera*

235 3913 319 3994 (r96)
334 3914 453 3975 Sueten.
468 3916 512 3973 De
530 3912 666 3972 illustrib.
682 3914 842 3974 Grammat.
855 3917 886 3975 l:
914 3939 927 3966 α
939 3913 1015 3974 nudi
1027 3914 1137 3972 scillcet
1157 3935 1191 3972 ac

194 4011 334 4070 bellicosa
345 4011 432 4070 uiarn
444 4023 507 4068 tum
523 4011 649 4080 civitate,
662 4010 787 4068 necdum
799 4029 906 4088 magno
917 4029 1008 4088 opere
1022 4007 1191 4070 liberalibus

197 4105 359 4186 disciplinis
368 4121 500 4166 vacante.
511 4135 522 4160 n

237 4205 317 4282 (197)
338 4203 455 4281 Dionys.
466 4205 555 4262 flalic.
567 4205 685 4280 antiqq.
698 4203 779 4263 llom.
795 4205 847 4273 xl,
865 4209 901 4260 aa
916 4227 922 4260 :
937 4201 1037 4274 ταύτην
1050 4199 1099 4273 τὴν
1111 4201 1191 4284 κόρην
