3174 5284
406 553 468 596 ιω
721 491 1075 596 annotationes

397 669 532 718 caeterutn
561 675 663 735 patum
696 655 855 720 honorilice
879 674 946 716 cum
964 658 1074 715 Auctor
1100 655 1247 728 nominat,
1276 668 1308 714 ut
1323 676 1399 734 pro-

398 767 499 834 pterea
513 773 573 812 non
587 753 681 830 magni
693 753 817 812 nominis
830 752 928 810 rhetor
940 752 1027 810 luisse
1040 751 1196 812 videatur.»
1211 752 1295 812 Unde
1309 753 1398 812 colli-

396 870 465 930 gete
485 849 552 910 licet
572 851 601 910 in
622 848 783 912 Philodami
800 848 914 918 verbis,
935 850 1081 929 praecipne
1103 850 1158 912 col.
1175 851 1223 922 vl,
1248 870 1276 908 ν.
1304 871 1394 923 1-2,

396 944 569 1028 σκωμμάτων
584 971 611 1006 τι
629 947 731 1006 inesse.

836 1135 947 1152 ..ι-...-

734 1315 961 1396 COLUMNA
986 1325 1047 1392 Vl.

436 1523 469 1582 V.
484 1523 511 1580 6.
519 1519 703 1598 Δικαιώματα.
714 1565 721 1578 .
733 1521 775 1579 .Τ
775 1521 873 1596 roilus,
883 1521 999 1581 Rhetor.
1013 1519 1232 1600 Prolegomllh.
1243 1537 1284 1597 gr.
1296 1519 1390 1586 Walz,

396 1611 416 1678 t.
432 1620 492 1694 Vl,
509 1640 537 1698 p.
553 1621 611 1690 48:
632 1617 672 1681 Τδ
687 1617 827 1679 Δικανικδν
850 1615 990 1687 ἀποδιδοὺς
1016 1617 1175 1698 (subintell.
1192 1604 1327 1700 Ὅμηρος)
1349 1620 1390 1698 τῷ

396 1705 537 1792 Ὀδυσσεῖ,
555 1713 656 1784 δεικνδς
672 1719 708 1782 ὡς
720 1713 780 1783 aab<
796 1713 946 1795 ἀγωνιστὰς
965 1716 1005 1775 δεῖ
1018 1716 1124 1776 πολλῶν
1145 1713 1262 1798 εὐπορεῖν
1276 1715 1389 1774 δικαιω-

396 1814 499 1892 μάτων.

429 1913 462 1970 V.
469 1911 605 1976 6-ιο.Εἶς
615 1907 678 1969 δέκα
688 1909 897 1970 τε-αὖθεντῶν.
906 1955 913 1967 .
923 1911 1010 1970 ‚Tam
1018 1909 1107 1968 multa
1117 1907 1220 1967 desunt
1229 1922 1272 1982 nt,
1283 1928 1389 1987 quam-

394 2027 484 2086 quam
496 2007 527 2064 in
539 2007 597 2082 nt.
614 2006 792 2065 restituendo
813 2005 972 2088 plurimum
987 2007 1126 2084 temporis
1149 2027 1167 2065 a
1186 2027 1232 2064 me
1255 2006 1292 2064 sit
1313 2026 1387 2065 con-

396 2117 533 2175 sumtum,
540 2116 635 2161 tamen
654 2104 752 2161 nescio
764 2123 801 2161 an
815 2104 903 2162 satius
914 2102 1013 2162 fuisset
1024 2103 1125 2163 haecin
1139 2103 1234 2162 medio
1243 2117 1388 2182 tamquam

396 2199 549 2280 desperata
569 2201 726 2278 reliquisse.
748 2200 833 2272 Quod
853 2200 889 2258 ad
910 2201 946 2268 εἰς
968 2197 1124 2283 taxa-apt
1150 2199 1231 2274 αὐτῆς
1258 2201 1388 2258 αὐθεντῶν

397 2297 527 2373 adtinet,
547 2297 686 2375 legendus
700 2297 798 2358 Schol.
821 2297 1041 2376 Aristophanis,
1061 2298 1138 2356 Plut.
1159 2317 1187 2356 v.
1211 2317 1279 2374 277.
1301 2297 1388 2374 Apud

396 2395 588 2456 Athenienses
602 2395 672 2454 olim
689 2391 752 2456 duae
765 2394 855 2454 curiae
867 2395 1002 2454 luerunt:
1017 2395 1106 2454 altera
1123 2393 1183 2477 περὶ
1197 2395 1249 2452 τῶν
1264 2395 1387 2474 φονικῶν,

395 2491 426 2552 id
438 2506 481 2552 est
489 2492 526 2551 de
536 2491 705 2574 capitalibus
714 2493 817 2568 causis,
829 2490 1042 2570 pronuntiabat
1052 2490 1139 2552 Sedes
1149 2490 1235 2570 hujus
1250 2487 1389 2572 Ἀρειόπα-

396 2613 450 2670 γας.
474 2589 590 2650 ludices
607 2590 658 2666 qui
680 2602 854 2667 perpetuum
875 2589 1072 2667 magistratum
1095 2587 1232 2670 gerebant
1255 2586 1390 2647 diceban-

396 2700 445 2746 tur
453 2685 645 2768 Ἀρεαααγῑται.
653 2686 750 2760 Altera
755 2685 869 2762 judices
881 2705 991 2745 annuos
1003 2684 1114 2764 habuit,
1124 2685 1175 2764 qui
1185 2684 1345 2744 tractabant
1353 2681 1388 2742 τδ

396 2781 536 2862 deportari,
547 2783 565 2841 i.
585 2803 609 2839 e.
618 2781 748 2864 publicas
765 2801 872 2843 causas.
883 2782 1152 2863 Erantaprincipio
1170 2781 1388 2860 quinquaginta,

396 2879 475 2938 unde
484 2877 661 2937 vocabantur
677 2879 731 2937 τῶν
738 2877 917 2938 πεντακοσίων
926 2877 1117 2959 postaticum
1123 2891 1218 2940 autem
1223 2878 1387 2957 jurisdictio

395 2979 520 3037 intanto
534 2996 655 3034 numero
664 2975 796 3055 judicum
809 2989 873 3036 erat
886 2976 1062 3056 impeditior,
1078 2977 1175 3036 visum
1194 2989 1239 3036 est
1254 2997 1292 3036 ex
1302 2977 1386 3054 quin-

396 3077 531 3155 quaginta
544 3074 602 3134 illis
620 3074 721 3134 decem
734 3087 847 3134 tantum
865 3076 1020 3152 quotannis
1042 3075 1167 3152 eliger03
1181 3094 1280 3134 rursus
1296 3093 1387 3134 unum

395 3173 543 3246 exdocent
565 3172 637 3238 viris
656 3171 715 3234 illis
730 3172 887 3236 creandum
900 3172 952 3252 qui
971 3173 1090 3252 reliquia
1109 3193 1216 3234 noveru
1233 3185 1385 3252 praesset:

395 3270 443 3328 hic
456 3267 558 3354 Ἄρχων
568 3268 778 3351 appellabatur,
786 3270 835 3331 alii
844 3267 981 3352 Πρόεδρω.
997 3271 1107 3331 Electio
1116 3271 1172 3330 hoc
1181 3269 1269 3331 modo
1280 3268 1385 3332 fiebat:

396 3367 495 3426 decern
504 3361 656 3426 litterae'ab
671 3390 687 3423 α
702 3387 794 3446 usque
804 3367 865 3426 ada
876 3368 1020 3444 sigillatim
1036 3369 1066 3425 in
1079 3366 1190 3426 tabellis
1206 3387 1346 3446 expressae
1354 3367 1386 3425 in

396 3460 530 3536 καδίσκον,
538 3462 568 3520 h.
582 3483 608 3520 e.
622 3462 743 3521 sitellam
758 3464 805 3521 vel
822 3471 924 3522 urnam
942 3461 1059 3520 confuse
1077 3462 1290 3540 injiciebantur,
1310 3461 1385 3522 unde

370 3595 372 3606 ·
396 3559 499 3618 ordine
517 3558 628 3618 educta
645 3558 676 3618 in
689 3560 817 3638 singulos
837 3558 1092 3622 distribuebantur.
1109 3561 1163 3621 Cui
1184 3583 1201 3618 α
1220 3560 1386 3638 contigisset

395 3653 498 3738 Ἄρχων
519 3667 595 3716 erat:
609 3653 730 3731 reliquis
750 3655 822 3718 ordo
841 3655 1002 3732 litterarum
1022 3657 1053 3715 in
1072 3655 1231 3740 judicando
1253 3655 1385 3717 ordinem

397 3749 563 3829 designabat
577 3751 717 3814 locorum.
745 3751 843 3813 lluctis
861 3751 986 3812 sortibus
1005 3771 1102 3830 praeco
1120 3753 1229 3831 virgam
1243 3753 1329 3822 dabat
1338 3752 1388 3832 ju·

396 3849 592 3910 risdictionem
601 3850 719 3921 sortiu's,
734 3869 792 3926 qno
800 3850 959 3926 gestamine
968 3850 1097 3929 insigniti
1106 3863 1135 3910 et
1149 3852 1179 3912 in
1191 3851 1301 3916 cutiam
1312 3871 1383 3930 pro-

396 3945 596 4010 ficiscebantur
604 3957 634 4006 et
643 3945 679 4006 da
691 3946 770 4006 curia
779 3944 907 4008 abibant.

435 4043 502 4106 llao
527 4063 574 4104 me
598 4040 790 4114 adduxerunt,
820 4054 853 4100 nt
873 4041 1032 4103 'scriberem
1054 4067 1061 4101 :
1084 4046 1120 4111 εἷς
1139 4043 1203 4103 δέκα
1230 4069 1258 4104 τε
1290 4043 1383 4125 ἄνδρας

397 4139 509 4212 ἑκάστης
521 4141 604 4220 ρνλῆς
618 4161 683 4217 φασι
694 4137 815 4206 ἐλθόντας
829 4141 887 4200 κτλ.
