3198 5288
1039 570 1186 626 xxxvu
1293 637 1298 648 ¹

195 739 340 788 sensum
361 718 580 812 investigans
598 715 676 812 (29)
687 743 694 784 :
707 729 896 813 poetarum
916 739 1068 811 quoque
1082 719 1188 786 inter·

197 832 393 926 pretationt
411 827 581 900 incubuit
594 829 682 922 (30).

244 945 464 1014 Rhetoricen
487 944 649 1014 exercuit
666 943 816 1040 Hippias
831 941 938 1014 Eleus
951 939 1040 1036 (δι),
1053 943 1188 1014 littera·

196 1084 278 1128 rum
290 1073 412 1128 tamen
423 1055 715 1154 syllabarumque
734 1057 996 1145 distinctiones,
1011 1072 1048 1128 et
1065 1057 1187 1155 rhyth-

197 1196 340 1241 morum
370 1185 537 1241 naturam
563 1173 600 1240 in
629 1172 756 1267 primis
779 1174 984 1268 expiscatus
1006 1186 1060 1242 cst
1086 1173 1184 1269 (32):

196 1287 441 1381 eloquentiam
461 1309 563 1356 suam
582 1290 726 1382 poetico
745 1289 877 1357 vestitu
889 1283 1079 1356 adornavit
1094 1286 1183 1382 (33).

244 1399 531 1497 Thrasymachus
553 1399 820 1472 Chalcedonius
849 1403 1025 1472 rationem
1044 1401 1185 1496 judices
1233 1465 1238 1480 „

197 1514 474 1602 commovendi,
518 1519 592 1586 sive
626 1513 671 1584 ad
720 1517 826 1602 iram,
879 1515 1182 1601 misericordiam,

234 1791 296 1869 (29)
307 1789 536 1867 Aristocropic.
550 1790 587 1860 ll,
605 1791 634 1860 6,
649 1810 679 1867 p.
694 1797 760 1860 ιιῖ,
777 1788 823 1848 etl.
838 1788 949 1850 Buhle:
964 1787 1004 1848 ln
1023 1793 1047 1849 ιῖ
1063 1787 1108 1848 καῖ
1120 1789 1184 1848 αὐτὸ

193 1891 279 1966 ἐαυτῷ
291 1884 461 1964 αυμὸεὸηκδς
471 1883 563 1958 ἔθηκεν
577 1889 613 1952 ὡς
627 1883 725 1967 ἕτερον,
742 1883 785 1944 διδ
794 1885 826 1945 τδ
839 1883 927 1968 ἕτερον
943 1875 1011 1946 εἶναι
1029 1887 1123 1966 ὄνομα,
1137 1911 1185 1946 κα·

193 1986 276 2067 διόπερ
287 1982 423 2065 Ἡρόδικος
440 1983 555 2064 διῃριῖτο
572 1980 621 2048 τδς
636 1979 733 2053 ἡδονὰς
752 1983 788 2049 εἷς
804 1980 890 2063 χαρὰν
907 1982 952 2042 καὶ
963 1981 1056 2066 τέρψιν
1073 1984 1119 2044 καὶ
1135 1986 1183 2043 εὐ-

193 2081 335 2165 φροσύνην·
345 2085 430 2138 ταῦτα
448 2077 500 2160 γδρ
518 2077 607 2137 πάντα
619 2084 666 2137 τοῦ
678 2080 768 2153 αὐτοῦ,
785 2083 834 2152 τῆς
846 2079 952 2154 ἡδονῆς,
973 2079 1090 2158 όνόματό
1102 2083 1182 2140 ἔστιν·

193 2183 216 2240 εἰ
228 2171 273 2239 οὖν
289 2203 329 2246 τις
346 2175 487 2258 τδχαόριιν
507 2179 547 2258 τῷ
562 2175 745 2258 εὐφραίνεσθαι
756 2175 835 2257 φήσει
847 2176 1054 2255 ουμόεόηκέναι,
1075 2177 1140 2237 αὖτδ
1150 2177 1182 2238 δν

193 2281 265 2358 αὑτῷ
275 2276 341 2359 φαίη
361 2272 567 2352 συμὸιόηκέναι.
587 2274 710 2334 Nimiam
732 2276 794 2352 ejus
813 2275 972 2334 haedere
991 2275 1183 2334 subtilitatem

193 2376 293 2434 festive
313 2371 387 2431 ridet
409 2372 491 2431 Plato
512 2371 541 2428 in
566 2373 683 2448 Protag.
696 2371 783 2430 Bell.
797 2371 843 2430 ed.
854 2371 947 2430 Lond.
964 2373 1055 2444 1826,
1076 2385 1096 2430 t.
1109 2374 1138 2444 l,
1152 2393 1181 2450 p.

193 2473 251 2528 318
263 2495 271 2530 :
286 2468 426 2536 «εἰπόντος
440 2467 469 2527 δὲ
483 2469 563 2528 αὐτοῦ
574 2471 658 2526 ταῦτα
668 2472 684 2527 δ
696 2467 834 2550 Πρόδικος
845 2468 933 2534 καλῶς
945 2490 1001 2545 μοι,
1020 2466 1086 2548 ἔφη,
1098 2469 1182 2534 δοκεῖς

191 2567 290 2646 λέγειν,
313 2555 336 2624 d
353 2566 461 2647 Κριτία·
482 2563 535 2646 χρυ)
548 2563 600 2646 γδιρ
622 2564 682 2632 τοὺς
699 2567 727 2624 ἓν
748 2563 862 2623 τοιοῖσδε
875 2562 963 2642 λόγοις
982 2564 1182 2648 παραγιγνομέ-

191 2687 250 2730 νους
269 2661 370 2730 κοινοδς
397 2661 448 2741 μέν
468 2653 535 2721 εἶναι
551 2665 649 2745 σἰμφοῖν
664 2671 719 2722 τοῖν
740 2659 935 2740 διαλεγομένοιν
956 2661 1097 2744 ἀκροατὰς,
1112 2662 1183 2730 ἴσους

192 2759 221 2818 δὲ
239 2759 286 2839 μή.
303 2759 385 2820 Ἔστι
402 2757 453 2842 γδιρ
473 2761 504 2819 οὗ
526 2759 638 2819 ταύτόν·
661 2762 737 2841 κοινῇ
756 2757 805 2838 μὲν
816 2757 867 2840 γδιρ
888 2761 1000 2819 ἀκοῦσαι
1013 2759 1052 2819 δεῖ
1063 2759 1183 2842 ἀμφοτέ-

193 2882 255 2940 ρων,
273 2861 311 2936 μι)
323 2856 379 2916 ἴσον
394 2855 423 2916 δὲ
435 2865 525 2936 νεῖμαι
537 2856 665 2940 ἑκατέρῳ,
677 2855 748 2916 ἀλλὰ
761 2859 801 2936 τῷ
812 2855 861 2934 μὲν
873 2856 1015 2940 σοφωτὲριρ
1027 2855 1126 2930 πλέον,
1143 2861 1182 2938 τῷ

192 2953 221 3012 δὲ
234 2953 407 3036 ἂμαθεστὲριρ
420 2952 529 3014 ἔλαττον
541 2956 599 3013 κτλ.
611 2954 686 3015 Vide
702 2954 837 3034 Spengel,
853 2955 873 3011 l.
887 2955 917 3026 l.‚
933 2975 964 3032 p.
980 2955 1078 3031 4951.

230 3051 292 3129 (30)
315 3051 453 3109 Themist.
470 3052 550 3110 Orat.
559 3050 671 3122 XXlll,
687 3069 716 3127 p.
736 3051 809 3126 ²89,
828 3048 864 3106 ed
879 3051 979 3108 Petav.
999 3051 1091 3109 Paris.
1114 3071 1183 3110 aun.
1238 3057 1245 3072 ⁸

196 3150 287 3218 1684:
309 3147 367 3206 ἐπεὶ
389 3147 435 3206 καὶ
456 3147 587 3230 Πρόδικος
609 3147 655 3206 καὶ
669 3144 852 3229 Πρωταγόρας
872 3150 888 3205 δ
908 3144 1111 3228 Mincium
1133 3145 1182 3225 μὲν

192 3242 343 3324 ὀρόοέτιειόν
357 3267 388 3303 τε
404 3244 450 3303 καὶ
465 3242 696 3328 όρθοῤῥημοσόνην
711 3247 805 3322 μισθοῦ
819 3243 981 3302 ἐκδιδάσκων
996 3241 1057 3310 τοὺς
1066 3242 1153 3310 νέους·
1167 3248 1183 3303 δ

192 3339 220 3400 δὲ
243 3339 278 3399 rh
297 3339 447 3418 Σιμωνίδου
467 3363 497 3398 τε
519 3340 566 3399 καὶ
581 3338 669 3399 ἄλλων
695 3339 834 3418 ποιήματα
852 3336 1038 3418 ἐξηγούμενος,
1058 3340 1183 3420 σοφισταὶ

191 3439 263 3516 ὅμως
276 3437 322 3497 καὶ
333 3437 419 3510 ἤστην
432 3438 479 3496 καὶ
495 3436 644 3518 ἔλεγέσθην.

232 3534 294 3615 (31)
315 3534 451 3606 Quinctil.
465 3536 522 3607 ΙΙΙ,
539 3557 562 3592 ι.
580 3536 623 3593 Cf.
638 3535 783 3613 Spengel,
797 3535 816 3592 l.
836 3533 868 3608 l.,
888 3555 916 3612 p.
935 3535 1038 3593 60-61.

231 3631 293 3710 (32)
304 3633 397 3704 Plato,
404 3633 493 3711 llipp.
505 3631 572 3709 maj.
586 3633 674 3690 Beldt.
690 3631 736 3690 ed.
748 3631 841 3689 Lond.
861 3633 946 3704 1826,
962 3644 983 3690 t.
1000 3633 1049 3706 Vl,
1063 3652 1093 3711 p.
1107 3631 1181 3709 195:

192 3725 261 3786 ἀλλὰ
280 3729 348 3798 δ’ἠτο
363 3729 450 3787 ἐκεῖνα
462 3727 481 3786 δ
493 3727 525 3788 σὺ
544 3727 722 3810 ἀκριὸέστατα
735 3727 877 3787 ἐπίστασαι
895 3727 1039 3810 ἀνθρώπων
1064 3729 1182 3811 διαιρεῖν,
1257 3773 1267 3782 .

191 3823 253 3908 περί
264 3849 295 3884 τε
314 3825 481 3907 γραμμάτιον
495 3827 629 3905 δυνάμεως
646 3825 692 3885 καὶ
706 3825 846 3884 συλλοὸῶν
859 3825 906 3885 ιτα)
919 3829 1025 3907 ῥυθμῶν
1037 3824 1083 3885 καὶ
1096 3826 1182 3907 ἁρμο-

192 3925 264 3982 νιῶν.
275 3923 319 3981 Cf.
333 3923 421 4001 llipp.
433 3925 502 3982 min·
516 3923 588 3981 ibid.
601 3936 623 3980 t.
636 3925 693 3995 ΠΙ,
709 3943 737 4002 p.
755 3943 799 3981 ια.

231 4019 293 4098 (33)
314 4019 477 4079 Philostrat.
487 4022 544 4081 Vit
556 4021 646 4099 Soph.
659 4020 708 4081 lib.
723 4022 746 4095 l,
758 4041 788 4098 p.
804 4033 873 4099 499,
883 4021 1039 4080 edhlorel.
1050 4017 1183 4100 ἡρμήνευε

192 4117 220 4176 δὲ
228 4117 277 4176 οὔκ
285 4117 407 4191 ἔλλττσῦς,
416 4116 486 4176 ἀλλὰ
496 4121 635 4199 περιττῶς,
647 4117 692 4178 καὶ
705 4115 775 4177 κατὰ
782 4115 870 4198 φόσιν,
879 4120 915 4184 εἰς
926 4116 1001 4194 etha
1010 4112 1182 4196 καταφεύγων

192 4215 243 4272 τῶν
263 4214 294 4271 ix
310 4217 450 4285 ποιητικῆς
464 4213 610 4292 διομότυνν.
