<?xml version="1.0" encoding="UTF-8"?>
<!DOCTYPE html PUBLIC "-//W3C//DTD XHTML 1.0 Transitional//EN"
    "http://www.w3.org/TR/xhtml1/DTD/xhtml1-transitional.dtd">
<html xmlns="http://www.w3.org/1999/xhtml" xml:lang="en" lang="en">
 <head>
  <title>
</title>
<meta http-equiv="Content-Type" content="text/html;charset=utf-8" />
  <meta name='ocr-system' content='tesseract 3.04.00' />
  <meta name='ocr-capabilities' content='ocr_page ocr_carea ocr_par ocr_line ocrx_word'/>
</head>
<body>
  <div class='ocr_page' id='page_1' title='image "./philodemirhetor01philgoog_0039.png"; bbox 0 0 3198 5288; ppageno 0'>
   <div class='ocr_carea' id='block_1_1' title="bbox 360 508 461 564">
    <p class='ocr_par' dir='ltr' id='par_1_1' title="bbox 360 508 461 564">
     <span class='ocr_line' id='line_1_1' title="bbox 360 508 461 564; baseline 0 -2"><span class='ocrx_word' id='word_1_1' title='bbox 360 508 461 564; x_wconf 79' lang='lat' dir='ltr'><strong>xxvt</strong></span> 
     </span>
    </p>
   </div>
   <div class='ocr_carea' id='block_1_2' title="bbox 361 654 1381 2580">
    <p class='ocr_par' dir='ltr' id='par_1_2' title="bbox 361 654 1381 2580">
     <span class='ocr_line' id='line_1_2' title="bbox 361 654 1354 752; baseline -0.002 -26"><span class='ocrx_word' id='word_1_2' title='bbox 361 657 562 752; x_wconf 67' lang='lat' dir='ltr'>peragravit</span> <span class='ocrx_word' id='word_1_3' title='bbox 591 654 727 736; x_wconf 83' lang='lat' dir='ltr'><strong>insulas</strong></span> <span class='ocrx_word' id='word_1_4' title='bbox 753 669 863 750; x_wconf 88' lang='lat' dir='ltr'><strong>atque</strong></span> <span class='ocrx_word' id='word_1_5' title='bbox 909 670 982 726; x_wconf 90' lang='lat' dir='ltr'><strong>tota</strong></span> <span class='ocrx_word' id='word_1_6' title='bbox 1013 659 1091 726; x_wconf 87' lang='lat' dir='ltr'><strong>Asia</strong></span> <span class='ocrx_word' id='word_1_7' title='bbox 1129 656 1354 752; x_wconf 76' lang='lat' dir='ltr'><strong>peregrinata</strong></span> 
     </span>
     <span class='ocr_line' id='line_1_3' title="bbox 362 767 1357 869; baseline 0.002 -32"><span class='ocrx_word' id='word_1_8' title='bbox 362 782 416 838; x_wconf 90' lang='lat' dir='ltr'><strong>est</strong></span> <span class='ocrx_word' id='word_1_9' title='bbox 433 767 522 865; x_wconf 78' lang='lat'><strong>(77).</strong></span> <span class='ocrx_word' id='word_1_10' title='bbox 534 769 728 856; x_wconf 84' lang='lat' dir='ltr'><strong>AEschines,</strong></span> <span class='ocrx_word' id='word_1_11' title='bbox 745 770 897 869; x_wconf 78' lang='lat' dir='ltr'><strong>Athenis</strong></span> <span class='ocrx_word' id='word_1_12' title='bbox 910 793 1082 866; x_wconf 82' lang='lat' dir='ltr'><strong>egressus,</strong></span> <span class='ocrx_word' id='word_1_13' title='bbox 1092 786 1241 867; x_wconf 91' lang='lat' dir='ltr'><strong>propter</strong></span> <span class='ocrx_word' id='word_1_14' title='bbox 1258 776 1357 866; x_wconf 83' lang='lat' dir='ltr'><strong>igno</strong></span> 
     </span>
     <span class='ocr_line' id='line_1_4' title="bbox 362 881 1355 976; baseline 0.002 -26"><span class='ocrx_word' id='word_1_15' title='bbox 362 885 510 953; x_wconf 89' lang='lat' dir='ltr'><strong>miniam</strong></span> <span class='ocrx_word' id='word_1_16' title='bbox 526 881 671 976; x_wconf 88' lang='lat' dir='ltr'><strong>judicii,</strong></span> <span class='ocrx_word' id='word_1_17' title='bbox 688 881 858 954; x_wconf 88' lang='lat' dir='ltr'><strong>Rhodum</strong></span> <span class='ocrx_word' id='word_1_18' title='bbox 874 907 912 954; x_wconf 87' lang='lat' dir='ltr'><strong>se</strong></span> <span class='ocrx_word' id='word_1_19' title='bbox 926 885 1100 973; x_wconf 87' lang='lat' dir='ltr'><strong>contulit,</strong></span> <span class='ocrx_word' id='word_1_20' title='bbox 1128 883 1193 954; x_wconf 92' lang='lat' dir='ltr'><strong>ubi</strong></span> <span class='ocrx_word' id='word_1_21' title='bbox 1212 883 1355 954; x_wconf 84' lang='lat' dir='ltr'><strong>dicendi</strong></span> 
     </span>
     <span class='ocr_line' id='line_1_5' title="bbox 361 994 1356 1094; baseline 0.003 -31"><span class='ocrx_word' id='word_1_22' title='bbox 361 994 487 1065; x_wconf 85' lang='lat' dir='ltr'><strong>ludum</strong></span> <span class='ocrx_word' id='word_1_23' title='bbox 510 1000 667 1093; x_wconf 83' lang='lat' dir='ltr'><strong>aperuit3</strong></span> <span class='ocrx_word' id='word_1_24' title='bbox 690 996 777 1068; x_wconf 88' lang='lat' dir='ltr'><strong>dum</strong></span> <span class='ocrx_word' id='word_1_25' title='bbox 798 1000 967 1094; x_wconf 84' lang='lat' dir='ltr'>Hegesias</span> <span class='ocrx_word' id='word_1_26' title='bbox 985 1002 1134 1094; x_wconf 78' lang='lat' dir='ltr'><strong>Magnes</strong></span> <span class='ocrx_word' id='word_1_27' title='bbox 1149 999 1265 1070; x_wconf 86' lang='lat' dir='ltr'><strong>atticae</strong></span> <span class='ocrx_word' id='word_1_28' title='bbox 1280 996 1356 1067; x_wconf 88' lang='lat' dir='ltr'><strong>eio-</strong></span> 
     </span>
     <span class='ocr_line' id='line_1_6' title="bbox 363 1111 1356 1210; baseline 0.002 -32"><span class='ocrx_word' id='word_1_29' title='bbox 363 1112 520 1205; x_wconf 84' lang='lat' dir='ltr'><strong>quentiae</strong></span> <span class='ocrx_word' id='word_1_30' title='bbox 544 1112 788 1208; x_wconf 84' lang='lat' dir='ltr'><strong>integritatem</strong></span> <span class='ocrx_word' id='word_1_31' title='bbox 819 1112 1078 1210; x_wconf 84' lang='lat' dir='ltr'><strong>corrumpebat</strong></span> <span class='ocrx_word' id='word_1_32' title='bbox 1122 1111 1211 1209; x_wconf 83' lang='lat'><strong>(78).</strong></span> <span class='ocrx_word' id='word_1_33' title='bbox 1252 1116 1356 1182; x_wconf 91' lang='lat' dir='ltr'><strong>Tunc</strong></span> 
     </span>
     <span class='ocr_line' id='line_1_7' title="bbox 364 1225 1356 1322; baseline 0 -27"><span class='ocrx_word' id='word_1_34' title='bbox 364 1227 580 1295; x_wconf 86' lang='lat' dir='ltr'><strong>exstiterunt.</strong></span> <span class='ocrx_word' id='word_1_35' title='bbox 597 1229 741 1312; x_wconf 65' lang='lat' dir='ltr'><strong>Astera,</strong></span> <span class='ocrx_word' id='word_1_36' title='bbox 760 1225 875 1298; x_wconf 83' lang='lat' dir='ltr'><strong>inflati</strong></span> <span class='ocrx_word' id='word_1_37' title='bbox 891 1243 926 1296; x_wconf 90' lang='lat' dir='ltr'><strong>et</strong></span> <span class='ocrx_word' id='word_1_38' title='bbox 950 1231 1094 1315; x_wconf 85' lang='lat' dir='ltr'><strong>inanes,</strong></span> <span class='ocrx_word' id='word_1_39' title='bbox 1109 1225 1245 1322; x_wconf 91' lang='lat' dir='ltr'><strong>quibus</strong></span> <span class='ocrx_word' id='word_1_40' title='bbox 1264 1225 1356 1320; x_wconf 91' lang='lat' dir='ltr'><strong>judi·</strong></span> 
     </span>
     <span class='ocr_line' id='line_1_8' title="bbox 364 1341 1356 1440; baseline 0.002 -31"><span class='ocrx_word' id='word_1_41' title='bbox 364 1343 460 1410; x_wconf 89' lang='lat' dir='ltr'><strong>cium</strong></span> <span class='ocrx_word' id='word_1_42' title='bbox 471 1341 627 1412; x_wconf 86' lang='lat' dir='ltr'>maxime</span> <span class='ocrx_word' id='word_1_43' title='bbox 640 1366 682 1414; x_wconf 92' lang='lat' dir='ltr'><strong>ac</strong></span> <span class='ocrx_word' id='word_1_44' title='bbox 697 1342 828 1414; x_wconf 88' lang='lat' dir='ltr'><strong>modus</strong></span> <span class='ocrx_word' id='word_1_45' title='bbox 842 1341 959 1413; x_wconf 85' lang='lat' dir='ltr'><strong>defuit</strong></span> <span class='ocrx_word' id='word_1_46' title='bbox 970 1341 1066 1440; x_wconf 82' lang='lat'><strong>(79);</strong></span> <span class='ocrx_word' id='word_1_47' title='bbox 1081 1341 1222 1428; x_wconf 80' lang='lat' dir='ltr'><strong>Rhodii,</strong></span> <span class='ocrx_word' id='word_1_48' title='bbox 1237 1365 1356 1438; x_wconf 91' lang='lat' dir='ltr'><strong>neque</strong></span> 
     </span>
     <span class='ocr_line' id='line_1_9' title="bbox 364 1457 1356 1553; baseline 0.001 -29"><span class='ocrx_word' id='word_1_49' title='bbox 364 1457 471 1526; x_wconf 89' lang='lat' dir='ltr'><strong>attice</strong></span> <span class='ocrx_word' id='word_1_50' title='bbox 494 1461 623 1551; x_wconf 87' lang='lat' dir='ltr'><strong>pressi,</strong></span> <span class='ocrx_word' id='word_1_51' title='bbox 645 1482 767 1553; x_wconf 89' lang='lat' dir='ltr'><strong>neque</strong></span> <span class='ocrx_word' id='word_1_52' title='bbox 790 1460 911 1528; x_wconf 88' lang='lat' dir='ltr'><strong>asiane</strong></span> <span class='ocrx_word' id='word_1_53' title='bbox 936 1457 1182 1544; x_wconf 83' lang='lat' dir='ltr'><strong>abundantes3</strong></span> <span class='ocrx_word' id='word_1_54' title='bbox 1205 1471 1248 1526; x_wconf 92' lang='lat' dir='ltr'><strong>ut</strong></span> <span class='ocrx_word' id='word_1_55' title='bbox 1265 1467 1356 1527; x_wconf 88' lang='lat' dir='ltr'><strong>tatn-</strong></span> 
     </span>
     <span class='ocr_line' id='line_1_10' title="bbox 364 1568 1381 1668; baseline 0 -30"><span class='ocrx_word' id='word_1_56' title='bbox 364 1594 472 1664; x_wconf 86' lang='lat' dir='ltr'><strong>quam</strong></span> <span class='ocrx_word' id='word_1_57' title='bbox 494 1568 603 1639; x_wconf 86' lang='lat' dir='ltr'><strong>medii</strong></span> <span class='ocrx_word' id='word_1_58' title='bbox 621 1586 881 1668; x_wconf 85' lang='lat' dir='ltr'><strong>essent,atque</strong></span> <span class='ocrx_word' id='word_1_59' title='bbox 900 1596 944 1642; x_wconf 87' lang='lat' dir='ltr'><strong>ex</strong></span> <span class='ocrx_word' id='word_1_60' title='bbox 957 1575 1122 1667; x_wconf 89' lang='lat' dir='ltr'><strong>utrisque</strong></span> <span class='ocrx_word' id='word_1_61' title='bbox 1144 1571 1246 1640; x_wconf 86' lang='lat' dir='ltr'><strong>mixti</strong></span> <span class='ocrx_word' id='word_1_62' title='bbox 1264 1569 1354 1664; x_wconf 90' lang='grc' dir='ltr'>(8ο).</span> <span class='ocrx_word' id='word_1_63' title='bbox 1377 1573 1381 1579; x_wconf 91' lang='grc'>’</span> 
     </span>
     <span class='ocr_line' id='line_1_11' title="bbox 365 1681 1358 1782; baseline 0 -32"><span class='ocrx_word' id='word_1_64' title='bbox 365 1687 431 1752; x_wconf 90' lang='lat' dir='ltr'><strong>Per</strong></span> <span class='ocrx_word' id='word_1_65' title='bbox 443 1681 518 1752; x_wconf 77' lang='lat' dir='ltr'><strong>haec</strong></span> <span class='ocrx_word' id='word_1_66' title='bbox 532 1697 709 1778; x_wconf 89' lang='lat' dir='ltr'><strong>tempora,</strong></span> <span class='ocrx_word' id='word_1_67' title='bbox 724 1684 821 1782; x_wconf 92' lang='lat' dir='ltr'><strong>apud</strong></span> <span class='ocrx_word' id='word_1_68' title='bbox 835 1683 996 1756; x_wconf 85' lang='lat' dir='ltr'><strong>Rhodios</strong></span> <span class='ocrx_word' id='word_1_69' title='bbox 1009 1698 1132 1756; x_wconf 87' lang='lat' dir='ltr'><strong>orator</strong></span> <span class='ocrx_word' id='word_1_70' title='bbox 1145 1681 1220 1754; x_wconf 84' lang='lat' dir='ltr'><strong>fere</strong></span> <span class='ocrx_word' id='word_1_71' title='bbox 1235 1683 1358 1752; x_wconf 86' lang='lat' dir='ltr'><strong>nulius</strong></span> 
     </span>
     <span class='ocr_line' id='line_1_12' title="bbox 365 1796 1358 1894; baseline 0.002 -30"><span class='ocrx_word' id='word_1_72' title='bbox 365 1796 533 1866; x_wconf 85' lang='lat' dir='ltr'><strong>inclaruit</strong></span> <span class='ocrx_word' id='word_1_73' title='bbox 551 1796 647 1892; x_wconf 77' lang='lat'>(81);</span> <span class='ocrx_word' id='word_1_74' title='bbox 674 1797 771 1893; x_wconf 92' lang='lat' dir='ltr'><strong>apud</strong></span> <span class='ocrx_word' id='word_1_75' title='bbox 792 1800 943 1870; x_wconf 81' lang='lat' dir='ltr'><strong>Asianos</strong></span> <span class='ocrx_word' id='word_1_76' title='bbox 971 1812 1118 1885; x_wconf 89' lang='lat' dir='ltr'><strong>eontra,</strong></span> <span class='ocrx_word' id='word_1_77' title='bbox 1143 1811 1274 1894; x_wconf 86' lang='lat' dir='ltr'><strong>praeter</strong></span> <span class='ocrx_word' id='word_1_78' title='bbox 1290 1799 1358 1866; x_wconf 91' lang='lat' dir='ltr'><strong>He·</strong></span> 
     </span>
     <span class='ocr_line' id='line_1_13' title="bbox 365 1912 1358 2008; baseline 0 -28"><span class='ocrx_word' id='word_1_79' title='bbox 365 1913 524 2006; x_wconf 83' lang='lat' dir='ltr'><strong>gesiam,</strong></span> <span class='ocrx_word' id='word_1_80' title='bbox 563 1928 761 1990; x_wconf 83' lang='lat' dir='ltr'><strong>occurrunt</strong></span> <span class='ocrx_word' id='word_1_81' title='bbox 796 1912 1028 2001; x_wconf 90' lang='lat' dir='ltr'><strong>Cleochares,</strong></span> <span class='ocrx_word' id='word_1_82' title='bbox 1065 1912 1247 2008; x_wconf 87' lang='lat' dir='ltr'><strong>Daphnis,</strong></span> <span class='ocrx_word' id='word_1_83' title='bbox 1282 1914 1358 2006; x_wconf 84' lang='lat' dir='ltr'><strong>My-</strong></span> 
     </span>
     <span class='ocr_line' id='line_1_14' title="bbox 368 2027 1358 2123; baseline 0.001 -28"><span class='ocrx_word' id='word_1_84' title='bbox 368 2051 452 2110; x_wconf 91' lang='lat' dir='ltr'><strong>ron,</strong></span> <span class='ocrx_word' id='word_1_85' title='bbox 486 2027 682 2098; x_wconf 88' lang='lat' dir='ltr'><strong>Sosicrates</strong></span> <span class='ocrx_word' id='word_1_86' title='bbox 715 2027 805 2123; x_wconf 79' lang='lat'><strong>(82).</strong></span> <span class='ocrx_word' id='word_1_87' title='bbox 830 2032 984 2104; x_wconf 87' lang='lat' dir='ltr'><strong>Romam</strong></span> <span class='ocrx_word' id='word_1_88' title='bbox 1009 2029 1147 2098; x_wconf 88' lang='lat' dir='ltr'><strong>interea</strong></span> <span class='ocrx_word' id='word_1_89' title='bbox 1165 2028 1264 2096; x_wconf 90' lang='lat' dir='ltr'><strong>missi</strong></span> <span class='ocrx_word' id='word_1_90' title='bbox 1283 2049 1358 2096; x_wconf 86' lang='lat' dir='ltr'><strong>aca-</strong></span> 
     </span>
     <span class='ocr_line' id='line_1_15' title="bbox 366 2140 1358 2238; baseline 0 -28"><span class='ocrx_word' id='word_1_91' title='bbox 366 2140 528 2213; x_wconf 88' lang='lat' dir='ltr'><strong>demicus</strong></span> <span class='ocrx_word' id='word_1_92' title='bbox 548 2141 768 2228; x_wconf 88' lang='lat' dir='ltr'><strong>Carneades,</strong></span> <span class='ocrx_word' id='word_1_93' title='bbox 785 2143 918 2212; x_wconf 88' lang='lat' dir='ltr'><strong>stoicus</strong></span> <span class='ocrx_word' id='word_1_94' title='bbox 936 2145 1118 2238; x_wconf 86' lang='lat' dir='ltr'><strong>Diogenes</strong></span> <span class='ocrx_word' id='word_1_95' title='bbox 1127 2140 1358 2237; x_wconf 91' lang='lat' dir='ltr'><strong>Babylonius,</strong></span> 
     </span>
     <span class='ocr_line' id='line_1_16' title="bbox 368 2253 1359 2351; baseline -0.001 -27"><span class='ocrx_word' id='word_1_96' title='bbox 368 2255 697 2351; x_wconf 86' lang='lat' dir='ltr'><strong>peripateticusque</strong></span> <span class='ocrx_word' id='word_1_97' title='bbox 720 2255 911 2342; x_wconf 82' lang='lat' dir='ltr'><strong>Critolaus,</strong></span> <span class='ocrx_word' id='word_1_98' title='bbox 935 2281 978 2328; x_wconf 87' lang='lat' dir='ltr'><strong>eo</strong></span> <span class='ocrx_word' id='word_1_99' title='bbox 998 2255 1221 2326; x_wconf 87' lang='lat' dir='ltr'><strong>Athenarum</strong></span> <span class='ocrx_word' id='word_1_100' title='bbox 1239 2253 1359 2326; x_wconf 91' lang='lat' dir='ltr'><strong>studia</strong></span> 
     </span>
     <span class='ocr_line' id='line_1_17' title="bbox 367 2366 1358 2466; baseline 0 -32"><span class='ocrx_word' id='word_1_101' title='bbox 367 2366 571 2436; x_wconf 89' lang='lat' dir='ltr'><strong>intulerunt</strong></span> <span class='ocrx_word' id='word_1_102' title='bbox 587 2367 675 2464; x_wconf 81' lang='grc'>(88).</span> <span class='ocrx_word' id='word_1_103' title='bbox 695 2370 864 2458; x_wconf 89' lang='lat' dir='ltr'><strong>Quorum</strong></span> <span class='ocrx_word' id='word_1_104' title='bbox 894 2369 1071 2454; x_wconf 88' lang='lat' dir='ltr'><strong>adventu,</strong></span> <span class='ocrx_word' id='word_1_105' title='bbox 1089 2369 1358 2466; x_wconf 68' lang='lat' dir='ltr'><strong>praesertimque</strong></span> 
     </span>
     <span class='ocr_line' id='line_1_18' title="bbox 368 2469 1360 2580; baseline 0 -30"><span class='ocrx_word' id='word_1_106' title='bbox 368 2480 487 2552; x_wconf 88' lang='lat' dir='ltr'><strong>divina</strong></span> <span class='ocrx_word' id='word_1_107' title='bbox 522 2483 679 2578; x_wconf 87' lang='lat' dir='ltr'><strong>quadam</strong></span> <span class='ocrx_word' id='word_1_108' title='bbox 711 2485 748 2553; x_wconf 92' lang='lat' dir='ltr'><strong>in</strong></span> <span class='ocrx_word' id='word_1_109' title='bbox 777 2483 961 2558; x_wconf 82' lang='lat' dir='ltr'><strong>Carneade</strong></span> <span class='ocrx_word' id='word_1_110' title='bbox 991 2482 1138 2556; x_wconf 86' lang='lat' dir='ltr'><strong>dicendi</strong></span> <span class='ocrx_word' id='word_1_111' title='bbox 1160 2469 1281 2580; x_wconf 71' lang='lat' dir='ltr'><strong>copia,</strong></span> <span class='ocrx_word' id='word_1_112' title='bbox 1308 2507 1360 2550; x_wconf 93' lang='lat' dir='ltr'><strong>su·</strong></span> 
     </span>
    </p>
   </div>
   <div class='ocr_carea' id='block_1_3' title="bbox 368 2765 1364 4210">
    <p class='ocr_par' dir='ltr' id='par_1_3' title="bbox 368 2765 1361 2953">
     <span class='ocr_line' id='line_1_19' title="bbox 368 2765 1361 2856; baseline 0.001 -26"><span class='ocrx_word' id='word_1_113' title='bbox 368 2769 489 2854; x_wconf 83' lang='grc' dir='ltr'>ἄγροικόν</span> <span class='ocrx_word' id='word_1_114' title='bbox 513 2794 580 2839; x_wconf 85' lang='grc' dir='ltr'>τινες</span> <span class='ocrx_word' id='word_1_115' title='bbox 597 2771 770 2851; x_wconf 81' lang='grc' dir='ltr'>Δημοσθένην</span> <span class='ocrx_word' id='word_1_116' title='bbox 796 2773 895 2856; x_wconf 81' lang='grc' dir='ltr'>ἔφασαν</span> <span class='ocrx_word' id='word_1_117' title='bbox 920 2765 1005 2850; x_wconf 79' lang='grc' dir='ltr'>εἶναι,</span> <span class='ocrx_word' id='word_1_118' title='bbox 1028 2773 1097 2833; x_wconf 76' lang='grc' dir='ltr'>κατὰ</span> <span class='ocrx_word' id='word_1_119' title='bbox 1110 2773 1151 2854; x_wconf 67' lang='grc' dir='ltr'><strong>Ιτὸ</strong></span> <span class='ocrx_word' id='word_1_120' title='bbox 1173 2771 1291 2838; x_wconf 79' lang='grc' dir='ltr'>ε’λλεατὲς</span> <span class='ocrx_word' id='word_1_121' title='bbox 1315 2776 1361 2843; x_wconf 82' lang='grc' dir='ltr'><strong>τῆς</strong></span> 
     </span>
     <span class='ocr_line' id='line_1_20' title="bbox 368 2866 1119 2953; baseline 0.004 -27"><span class='ocrx_word' id='word_1_122' title='bbox 368 2867 531 2947; x_wconf 83' lang='grc' dir='ltr'>οἰκονομίας·</span> <span class='ocrx_word' id='word_1_123' title='bbox 549 2866 647 2941; x_wconf 85' lang='grc' dir='ltr'>ταύτην</span> <span class='ocrx_word' id='word_1_124' title='bbox 662 2870 722 2953; x_wconf 75' lang='grc' dir='ltr'>περὶ</span> <span class='ocrx_word' id='word_1_125' title='bbox 734 2872 815 2930; x_wconf 75' lang='grc' dir='ltr'>αὐτοῦ</span> <span class='ocrx_word' id='word_1_126' title='bbox 828 2871 877 2943; x_wconf 78' lang='grc' dir='ltr'><strong>τὴν</strong></span> <span class='ocrx_word' id='word_1_127' title='bbox 890 2871 965 2940; x_wconf 65' lang='grc' dir='ltr'><strong>δοῖαν</strong></span> <span class='ocrx_word' id='word_1_128' title='bbox 986 2869 1119 2938; x_wconf 73' lang='grc' dir='ltr'>λαὸόντες.</span> 
     </span>
    </p>

    <p class='ocr_par' dir='ltr' id='par_1_4' title="bbox 409 2967 715 3046">
     <span class='ocr_line' id='line_1_21' title="bbox 409 2967 715 3046; baseline 0.01 -22"><span class='ocrx_word' id='word_1_129' title='bbox 409 2968 470 3046; x_wconf 75' lang='grc'>(76)</span> <span class='ocrx_word' id='word_1_130' title='bbox 485 2967 624 3038; x_wconf 85' lang='lat' dir='ltr'><strong>Quinctil.</strong></span> <span class='ocrx_word' id='word_1_131' title='bbox 636 2972 677 3040; x_wconf 86' lang='lat' dir='ltr'><strong>X,</strong></span> <span class='ocrx_word' id='word_1_132' title='bbox 692 2990 715 3027; x_wconf 87' lang='lat' dir='ltr'><strong>r.</strong></span> 
     </span>
    </p>

    <p class='ocr_par' dir='ltr' id='par_1_5' title="bbox 409 3060 732 3138">
     <span class='ocr_line' id='line_1_22' title="bbox 409 3060 732 3138; baseline 0 -19"><span class='ocrx_word' id='word_1_133' title='bbox 409 3060 468 3138; x_wconf 75' lang='grc'>(77)</span> <span class='ocrx_word' id='word_1_134' title='bbox 481 3060 540 3118; x_wconf 87' lang='lat' dir='ltr'><strong>Cic.</strong></span> <span class='ocrx_word' id='word_1_135' title='bbox 552 3060 633 3119; x_wconf 89' lang='lat' dir='ltr'><strong>Brut.</strong></span> <span class='ocrx_word' id='word_1_136' title='bbox 648 3065 732 3120; x_wconf 87' lang='lat' dir='ltr'><strong>XIII.</strong></span> 
     </span>
    </p>

    <p class='ocr_par' dir='ltr' id='par_1_6' title="bbox 369 3147 1361 3434">
     <span class='ocr_line' id='line_1_23' title="bbox 409 3147 1361 3241; baseline -0.003 -27"><span class='ocrx_word' id='word_1_137' title='bbox 409 3156 472 3234; x_wconf 82' lang='lat'>(78)</span> <span class='ocrx_word' id='word_1_138' title='bbox 487 3155 583 3215; x_wconf 91' lang='lat' dir='ltr'><strong>Strah.</strong></span> <span class='ocrx_word' id='word_1_139' title='bbox 604 3163 695 3217; x_wconf 84' lang='lat' dir='ltr'><strong>XIV:</strong></span> <span class='ocrx_word' id='word_1_140' title='bbox 710 3156 839 3238; x_wconf 76' lang='grc' dir='ltr'>Ἡγησίας</span> <span class='ocrx_word' id='word_1_141' title='bbox 859 3183 887 3216; x_wconf 88' lang='grc' dir='ltr'><strong>τε</strong></span> <span class='ocrx_word' id='word_1_142' title='bbox 906 3157 1036 3241; x_wconf 77' lang='grc' dir='ltr'>ὁρήτωρ,</span> <span class='ocrx_word' id='word_1_143' title='bbox 1053 3155 1081 3223; x_wconf 83' lang='grc' dir='ltr'><strong>ὃς</strong></span> <span class='ocrx_word' id='word_1_144' title='bbox 1094 3147 1155 3238; x_wconf 73' lang='grc' dir='ltr'>ἦρξε</span> <span class='ocrx_word' id='word_1_145' title='bbox 1175 3154 1292 3234; x_wconf 77' lang='grc' dir='ltr'>μάλιστα</span> <span class='ocrx_word' id='word_1_146' title='bbox 1315 3157 1361 3212; x_wconf 80' lang='grc' dir='ltr'><strong>τοῦ</strong></span> 
     </span>
     <span class='ocr_line' id='line_1_24' title="bbox 370 3247 1361 3337; baseline -0.011 -21"><span class='ocrx_word' id='word_1_147' title='bbox 370 3257 489 3316; x_wconf 77' lang='grc' dir='ltr'>Ἀσιανοῦ</span> <span class='ocrx_word' id='word_1_148' title='bbox 500 3254 644 3335; x_wconf 79' lang='grc' dir='ltr'>λεγομένου</span> <span class='ocrx_word' id='word_1_149' title='bbox 656 3251 766 3329; x_wconf 79' lang='grc' dir='ltr'>στύλου,</span> <span class='ocrx_word' id='word_1_150' title='bbox 783 3254 963 3337; x_wconf 69' lang='grc' dir='ltr'>σαραφθείρας</span> <span class='ocrx_word' id='word_1_151' title='bbox 974 3253 1005 3313; x_wconf 82' lang='grc' dir='ltr'><strong>τὸ</strong></span> <span class='ocrx_word' id='word_1_152' title='bbox 1016 3251 1177 3324; x_wconf 83' lang='grc' dir='ltr'>καθεστηκὸς</span> <span class='ocrx_word' id='word_1_153' title='bbox 1189 3248 1246 3315; x_wconf 84' lang='grc' dir='ltr'>ἔθος</span> <span class='ocrx_word' id='word_1_154' title='bbox 1256 3247 1286 3307; x_wconf 79' lang='grc' dir='ltr'><strong>τὸ</strong></span> <span class='ocrx_word' id='word_1_155' title='bbox 1301 3247 1361 3309; x_wconf 80' lang='grc' dir='ltr'><strong>Ἀτ-</strong></span> 
     </span>
     <span class='ocr_line' id='line_1_25' title="bbox 369 3353 882 3434; baseline -0.006 -21"><span class='ocrx_word' id='word_1_156' title='bbox 369 3353 452 3428; x_wconf 82' lang='grc' dir='ltr'>τικόν,</span> <span class='ocrx_word' id='word_1_157' title='bbox 465 3377 493 3434; x_wconf 91' lang='lat' dir='ltr'><strong>p.</strong></span> <span class='ocrx_word' id='word_1_158' title='bbox 509 3356 583 3426; x_wconf 74' lang='lat'><strong>446,</strong></span> <span class='ocrx_word' id='word_1_159' title='bbox 600 3354 645 3412; x_wconf 91' lang='lat' dir='ltr'><strong>ed.</strong></span> <span class='ocrx_word' id='word_1_160' title='bbox 658 3353 780 3415; x_wconf 86' lang='lat' dir='ltr'><strong>Casaub.</strong></span> <span class='ocrx_word' id='word_1_161' title='bbox 798 3354 882 3426; x_wconf 82' lang='lat'><strong>1587.</strong></span> 
     </span>
    </p>

    <p class='ocr_par' dir='ltr' id='par_1_7' title="bbox 376 3439 765 3531">
     <span class='ocr_line' id='line_1_26' title="bbox 376 3439 765 3531; baseline -0.003 -22"><span class='ocrx_word' id='word_1_162' title='bbox 376 3439 378 3446; x_wconf 69' lang='lat'><strong>.</strong></span> <span class='ocrx_word' id='word_1_163' title='bbox 412 3453 473 3531; x_wconf 84' lang='lat'>(79)</span> <span class='ocrx_word' id='word_1_164' title='bbox 484 3451 622 3524; x_wconf 86' lang='lat' dir='ltr'><strong>Quinctil.</strong></span> <span class='ocrx_word' id='word_1_165' title='bbox 636 3454 706 3524; x_wconf 87' lang='lat' dir='ltr'><strong>XII,</strong></span> <span class='ocrx_word' id='word_1_166' title='bbox 722 3471 765 3510; x_wconf 80' lang='grc' dir='ltr'><strong>ιο.</strong></span> 
     </span>
    </p>

    <p class='ocr_par' dir='ltr' id='par_1_8' title="bbox 411 3549 668 3628">
     <span class='ocr_line' id='line_1_27' title="bbox 411 3549 668 3628; baseline 0.008 -22"><span class='ocrx_word' id='word_1_167' title='bbox 411 3550 472 3628; x_wconf 84' lang='grc'>(80)</span> <span class='ocrx_word' id='word_1_168' title='bbox 487 3549 582 3621; x_wconf 88' lang='lat' dir='ltr'><strong>ldem‚</strong></span> <span class='ocrx_word' id='word_1_169' title='bbox 596 3549 668 3608; x_wconf 91' lang='lat' dir='ltr'><strong>ibid.</strong></span> 
     </span>
    </p>

    <p class='ocr_par' dir='ltr' id='par_1_9' title="bbox 412 3643 1034 3728">
     <span class='ocr_line' id='line_1_28' title="bbox 412 3643 1034 3728; baseline -0.006 -24"><span class='ocrx_word' id='word_1_170' title='bbox 412 3647 472 3728; x_wconf 84' lang='lat'>(81)</span> <span class='ocrx_word' id='word_1_171' title='bbox 486 3649 530 3710; x_wconf 81' lang='lat' dir='ltr'><strong>cf.</strong></span> <span class='ocrx_word' id='word_1_172' title='bbox 542 3649 756 3718; x_wconf 90' lang='lat' dir='ltr'><strong>Westermann,</strong></span> <span class='ocrx_word' id='word_1_173' title='bbox 767 3647 786 3703; x_wconf 92' lang='lat' dir='ltr'><strong>l.</strong></span> <span class='ocrx_word' id='word_1_174' title='bbox 803 3646 833 3719; x_wconf 90' lang='lat' dir='ltr'><strong>l.,</strong></span> <span class='ocrx_word' id='word_1_175' title='bbox 847 3660 866 3702; x_wconf 65' lang='lat' dir='ltr'><strong>t.</strong></span> <span class='ocrx_word' id='word_1_176' title='bbox 881 3650 906 3723; x_wconf 90' lang='lat'><strong>1,</strong></span> <span class='ocrx_word' id='word_1_177' title='bbox 924 3665 953 3723; x_wconf 94' lang='lat' dir='ltr'><strong>p.</strong></span> <span class='ocrx_word' id='word_1_178' title='bbox 970 3643 1034 3702; x_wconf 80' lang='lat'><strong>165.</strong></span> 
     </span>
    </p>

    <p class='ocr_par' dir='ltr' id='par_1_10' title="bbox 373 3734 1364 4116">
     <span class='ocr_line' id='line_1_29' title="bbox 414 3734 1364 3825; baseline -0.012 -23"><span class='ocrx_word' id='word_1_179' title='bbox 414 3746 477 3825; x_wconf 76' lang='lat'>(82)</span> <span class='ocrx_word' id='word_1_180' title='bbox 492 3745 569 3805; x_wconf 89' lang='lat' dir='ltr'><strong>Vide</strong></span> <span class='ocrx_word' id='word_1_181' title='bbox 580 3746 696 3803; x_wconf 86' lang='lat' dir='ltr'><strong>Ruhnk.</strong></span> <span class='ocrx_word' id='word_1_182' title='bbox 714 3744 788 3803; x_wconf 88' lang='lat' dir='ltr'><strong>Hist.</strong></span> <span class='ocrx_word' id='word_1_183' title='bbox 810 3744 891 3818; x_wconf 80' lang='lat' dir='ltr'><strong>crit,</strong></span> <span class='ocrx_word' id='word_1_184' title='bbox 904 3762 933 3821; x_wconf 93' lang='lat' dir='ltr'><strong>p.</strong></span> <span class='ocrx_word' id='word_1_185' title='bbox 954 3745 1050 3800; x_wconf 88' lang='lat' dir='ltr'><strong>XCIII</strong></span> <span class='ocrx_word' id='word_1_186' title='bbox 1069 3752 1098 3798; x_wconf 88' lang='lat' dir='ltr'><strong>et</strong></span> <span class='ocrx_word' id='word_1_187' title='bbox 1118 3737 1155 3798; x_wconf 90' lang='lat' dir='ltr'><strong>ad</strong></span> <span class='ocrx_word' id='word_1_188' title='bbox 1176 3735 1264 3796; x_wconf 76' lang='lat' dir='ltr'><strong>aurit.</strong></span> <span class='ocrx_word' id='word_1_189' title='bbox 1277 3734 1364 3811; x_wconf 90' lang='lat' dir='ltr'><strong>Lup.,</strong></span> 
     </span>
     <span class='ocr_line' id='line_1_30' title="bbox 374 3836 1363 3921; baseline -0.016 -20"><span class='ocrx_word' id='word_1_190' title='bbox 374 3864 402 3921; x_wconf 90' lang='lat' dir='ltr'><strong>p.</strong></span> <span class='ocrx_word' id='word_1_191' title='bbox 431 3843 469 3915; x_wconf 84' lang='lat'><strong>5,</strong></span> <span class='ocrx_word' id='word_1_192' title='bbox 496 3844 553 3916; x_wconf 83' lang='lat'><strong>30,</strong></span> <span class='ocrx_word' id='word_1_193' title='bbox 580 3842 640 3912; x_wconf 79' lang='lat'><strong>523</strong></span> <span class='ocrx_word' id='word_1_194' title='bbox 666 3840 716 3899; x_wconf 91' lang='lat' dir='ltr'><strong>ubi</strong></span> <span class='ocrx_word' id='word_1_195' title='bbox 742 3841 903 3920; x_wconf 83' lang='lat' dir='ltr'><strong>fragmenta</strong></span> <span class='ocrx_word' id='word_1_196' title='bbox 924 3839 1069 3918; x_wconf 87' lang='lat' dir='ltr'><strong>reperias,</strong></span> <span class='ocrx_word' id='word_1_197' title='bbox 1095 3836 1236 3916; x_wconf 86' lang='lat' dir='ltr'><strong>pauciora</strong></span> <span class='ocrx_word' id='word_1_198' title='bbox 1267 3844 1363 3890; x_wconf 88' lang='lat' dir='ltr'><strong>tamen</strong></span> 
     </span>
     <span class='ocr_line' id='line_1_31' title="bbox 373 3932 1361 4017; baseline -0.015 -19"><span class='ocrx_word' id='word_1_199' title='bbox 373 3961 460 4017; x_wconf 87' lang='lat' dir='ltr'><strong>quam</strong></span> <span class='ocrx_word' id='word_1_200' title='bbox 488 3952 521 3997; x_wconf 92' lang='lat' dir='ltr'><strong>ut</strong></span> <span class='ocrx_word' id='word_1_201' title='bbox 557 3939 673 4002; x_wconf 89' lang='lat' dir='ltr'><strong>illorum</strong></span> <span class='ocrx_word' id='word_1_202' title='bbox 697 3953 845 3998; x_wconf 89' lang='lat' dir='ltr'><strong>oratorum</strong></span> <span class='ocrx_word' id='word_1_203' title='bbox 878 3939 994 3997; x_wconf 91' lang='lat' dir='ltr'><strong>dicendi</strong></span> <span class='ocrx_word' id='word_1_204' title='bbox 1023 3937 1166 3994; x_wconf 88' lang='lat' dir='ltr'><strong>rationem</strong></span> <span class='ocrx_word' id='word_1_205' title='bbox 1188 3932 1361 4011; x_wconf 81' lang='lat' dir='ltr'><strong>judicemus.</strong></span> 
     </span>
     <span class='ocr_line' id='line_1_32' title="bbox 374 4029 1361 4116; baseline -0.015 -17"><span class='ocrx_word' id='word_1_206' title='bbox 374 4037 458 4108; x_wconf 77' lang='lat' dir='ltr'><strong>Quod</strong></span> <span class='ocrx_word' id='word_1_207' title='bbox 478 4037 514 4094; x_wconf 87' lang='lat' dir='ltr'><strong>ad</strong></span> <span class='ocrx_word' id='word_1_208' title='bbox 530 4038 682 4116; x_wconf 80' lang='lat' dir='ltr'><strong>Hegesiam</strong></span> <span class='ocrx_word' id='word_1_209' title='bbox 697 4038 808 4096; x_wconf 87' lang='lat' dir='ltr'><strong>adtinet</strong></span> <span class='ocrx_word' id='word_1_210' title='bbox 822 4037 960 4114; x_wconf 80' lang='lat' dir='ltr'><strong>legendus</strong></span> <span class='ocrx_word' id='word_1_211' title='bbox 976 4036 1091 4094; x_wconf 86' lang='lat' dir='ltr'><strong>Ruhuk.</strong></span> <span class='ocrx_word' id='word_1_212' title='bbox 1106 4033 1175 4092; x_wconf 88' lang='lat' dir='ltr'><strong>ibid.</strong></span> <span class='ocrx_word' id='word_1_213' title='bbox 1187 4053 1216 4110; x_wconf 89' lang='lat' dir='ltr'><strong>p.</strong></span> <span class='ocrx_word' id='word_1_214' title='bbox 1234 4029 1282 4098; x_wconf 83' lang='lat'><strong>25,</strong></span> <span class='ocrx_word' id='word_1_215' title='bbox 1296 4045 1361 4102; x_wconf 86' lang='lat' dir='ltr'><strong>sqq.</strong></span> 
     </span>
    </p>

    <p class='ocr_par' dir='ltr' id='par_1_11' title="bbox 414 4125 1363 4210">
     <span class='ocr_line' id='line_1_33' title="bbox 414 4125 1363 4210; baseline -0.015 -20"><span class='ocrx_word' id='word_1_216' title='bbox 414 4132 473 4210; x_wconf 82' lang='grc'>(88)</span> <span class='ocrx_word' id='word_1_217' title='bbox 489 4135 553 4193; x_wconf 86' lang='lat' dir='ltr'><strong>Aul.</strong></span> <span class='ocrx_word' id='word_1_218' title='bbox 574 4134 648 4194; x_wconf 82' lang='lat' dir='ltr'><strong>Geli.</strong></span> <span class='ocrx_word' id='word_1_219' title='bbox 662 4136 725 4206; x_wconf 84' lang='lat' dir='ltr'><strong>Vll,</strong></span> <span class='ocrx_word' id='word_1_220' title='bbox 745 4145 776 4202; x_wconf 73' lang='lat' dir='ltr'><strong>rt</strong></span> <span class='ocrx_word' id='word_1_221' title='bbox 789 4157 814 4191; x_wconf 65' lang='lat' dir='ltr'><strong>:s</strong></span> <span class='ocrx_word' id='word_1_222' title='bbox 827 4134 1035 4192; x_wconf 85' lang='lat' dir='ltr'><strong>Animadversa</strong></span> <span class='ocrx_word' id='word_1_223' title='bbox 1050 4131 1151 4190; x_wconf 86' lang='lat' dir='ltr'><strong>eadem</strong></span> <span class='ocrx_word' id='word_1_224' title='bbox 1160 4125 1303 4206; x_wconf 87' lang='lat' dir='ltr'><strong>tripertita</strong></span> <span class='ocrx_word' id='word_1_225' title='bbox 1314 4141 1363 4176; x_wconf 89' lang='lat' dir='ltr'><strong>va-</strong></span> 
     </span>
    </p>
   </div>
   <div class='ocr_carea' id='block_1_4' title="bbox 0 0 1617 5288">
    <p class='ocr_par' dir='ltr' id='par_1_12' title="bbox 0 0 1617 5288">
     <span class='ocr_line' id='line_1_34' title="bbox 0 0 1617 5288; baseline 0 0"><span class='ocrx_word' id='word_1_226' title='bbox 0 0 1617 5288; x_wconf 95' lang='lat' dir='ltr'><strong> </strong></span> 
     </span>
    </p>
   </div>
  </div>
 </body>
</html>
