3198 5288
1033 529 1161 585 LXXXI

173 687 299 772 utpote
332 695 607 771 supervacanea
639 677 785 746 Canem
819 699 925 747 suum
957 675 1161 760 substituit,

172 789 328 860 veritatis
376 787 557 858 discenda.
609 794 853 862 instrumenta
903 815 981 862 esse
1027 790 1163 863 docens

172 929 309 989 sensus,
337 903 634 998 ontt‘ctpationes,
669 903 827 997 affictus
846 903 960 1000 (186).
982 907 1072 994 Quae
1090 931 1166 977 sen·

174 1043 231 1092 sus
273 1031 529 1118 perceperant,
558 1017 781 1115 sequebatur
812 1023 930 1115 opinio
968 1045 1031 1093 seu
1059 1047 1164 1110 vera,

173 1160 235 1208 seu
265 1133 352 1206 falsa
375 1131 490 1230 (187).
523 1135 827 1228 Antictpattonem
860 1135 1013 1208 vocabat
1049 1138 1164 1234 ipsam

172 1251 224 1322 rei
244 1253 433 1319 notionem
454 1262 571 1318 ortam
589 1271 609 1318 e
629 1252 806 1320 memoria
824 1249 904 1344 ejus
922 1251 1023 1346 quod
1037 1255 1166 1348 saepius

174 1363 338 1435 sensibus
369 1365 503 1432 nostris
532 1385 570 1432 se
592 1361 742 1450 obtulit3
768 1365 816 1432 ita
844 1376 909 1450 ut,
937 1363 1076 1462 absque
1109 1391 1168 1436 an-

176 1483 319 1576 ticipata
353 1479 525 1564 notione,
567 1502 689 1574 neque
726 1503 888 1574 quaerere
930 1479 1056 1568 liceat,
1105 1506 1167 1551 ne-

174 1619 244 1690 que
282 1591 451 1664 dubitare
489 1591 613 1688 (188).
665 1594 951 1690 Anticipationes
983 1594 1168 1666 evidentes

176 1733 250 1779 esse
276 1707 437 1778 dicebat:
470 1731 511 1778 ca
541 1722 662 1778 autem
696 1732 777 1804 quae
808 1721 894 1779 sunt
915 1709 1168 1782 tantummodo

175 1821 382 1921 opinabilia,
397 1837 438 1892 ut
455 1820 636 1893 evidentia
654 1820 803 1912 fierent,
822 1821 1013 1894 referenda
1027 1849 1104 1896 esse
1121 1825 1167 1896 ad

177 1940 478 2034 Anticipationem
513 1961 631 2018 suam,
652 1939 675 2006 i.
696 1961 727 2008 e.
752 1937 798 2008 ad
819 1939 919 2036 prius
936 1939 1071 2037 aliquid
1099 1947 1171 2010 evi·

177 2052 278 2140 dens,
297 2077 339 2122 ex
355 2075 430 2149 quo
446 2051 650 2150 penderent
663 2051 775 2150 (189).
794 2053 1050 2150 Loquentibus
1063 2069 1169 2125 uten-

176 2167 263 2238 dum
277 2192 355 2238 esse
371 2165 525 2238 docebat
538 2167 658 2238 verbis
670 2171 809 2238 usitatis
820 2183 932 2266 atque
947 2171 1149 2266 perspicuis
1161 2197 1170 2258 ;

176 2281 407 2354 audientibus
423 2284 524 2352 omni
541 2305 612 2379 ope
630 2296 741 2379 atque
758 2307 870 2380 opera
886 2281 1115 2369 enitendum,
1129 2299 1171 2354 ut

177 2395 331 2468 obscura
350 2396 408 2467 vel
433 2395 605 2493 ambigua
624 2397 752 2494 procul
773 2411 993 2468 amoverent.

222 2516 455 2607 Quamquam
498 2512 677 2608 Epicurus
726 2511 958 2582 Rhetoricam
997 2511 1172 2609 despicie-

177 2623 240 2695 bat
270 2623 395 2720 (190),
426 2623 471 2694 de
493 2650 534 2695 ea
556 2639 675 2695 tamen
702 2624 835 2696 librum
865 2627 1048 2723 scripsisse
1066 2629 1172 2697 certis

178 2837 252 2877 esset
259 2819 357 2877 dicere
366 2819 525 2897 Epicurum
533 2820 715 2878 constituisse
721 2817 854 2879 bifariam
864 2820 1091 2898 philosophiam,
1101 2820 1174 2898 phy·

179 2917 264 2974 sicam
281 2916 418 2974 nimirum
440 2927 469 2974 et
485 2917 620 2974 ethicam.
646 2919 790 2974 Canonica
816 2918 893 2975 enim
911 2917 984 2974 nihil
1007 2917 1085 2975 aliud
1112 2931 1174 2975 erat

179 3031 263 3090 quam
276 3011 418 3092 εἰσαγωγὴ,
431 3014 515 3090 Diog.
527 3014 624 3073 baert.
640 3012 713 3072 ibid.
730 3035 737 3070 z
751 3009 845 3091 τὸμὲν
859 3005 904 3072 οὖν
917 3011 1053 3073 κανονικὸν
1067 3012 1174 3094 ἐφόδους

179 3105 223 3166 ἐπὶ
235 3105 285 3179 τὴν
296 3108 480 3190 πραγματείαν
492 3105 557 3188 ἔχει.

219 3202 302 3281 (186)
317 3205 401 3283 Diog.
414 3205 511 3263 Laert.
521 3204 593 3264 ibid.
608 3207 654 3263 31.

220 3299 303 3377 (187)
315 3297 625 3371 11111184ετὴνδὲδόξαν
637 3299 683 3358 καὶ
693 3297 826 3380 ὑπόληψιν
832 3298 962 3377 λέγουσιν·
972 3301 1059 3372 ἀληθῆ
1071 3299 1100 3360 τί
1110 3323 1175 3382 φασι

180 3393 329 3472 καὶψευδῆ·
349 3394 382 3454 ἂν
397 3393 445 3472 μὲν
464 3393 515 3476 γὰρ
527 3398 738 3477 ἐπιμαρτυρῆται
750 3393 768 3466 ἢ
784 3391 822 3472 μὴ
835 3397 1076 3478 ἀντιμαριυρῆται,
1087 3398 1175 3469 ἀληθῆ

181 3477 256 3548 εἶναι·
271 3487 316 3549 th
331 3489 360 3550 δὲ
372 3489 411 3568 μὴ
420 3493 633 3573 ἐπιμαρτυρῆται
645 3489 663 3563 ἢ
681 3493 916 3572 ιἰντιμαραυρῆται,
933 3491 1016 3572 ψευδῆ
1027 3492 1183 3574 τυγχάνειν·

221 3587 304 3666 (188)
318 3587 391 3648 Ibid.
405 3591 457 3659 333
469 3590 548 3648 Sext.
559 3589 669 3667 Emph.
681 3589 757 3648 hdr.
766 3589 905 3649 Mathem.
916 3591 946 3662 I,
963 3591 989 3658 3,
1005 3611 1034 3668 p.
1047 3593 1115 3666 1118,
1129 3591 1176 3650 ed.

182 3683 282 3754 Fabr.;
292 3687 343 3760 xl,
353 3705 424 3764 a,p.
439 3687 507 3762 695.

223 3780 304 3860 (189)
323 3782 409 3859 Diog.
422 3783 519 3842 Laert.
531 3783 550 3840 I.
565 3783 595 3856 1.,
604 3783 651 3842 33.

223 3866 306 3958 ¹(190)
320 3879 457 3950 Quinctil.
470 3881 507 3953 II,
522 3901 573 3952 17:
586 3903 600 3930 a
611 3882 728 3958 Agnou.
741 3923 748 3938 .
761 3923 769 3938 .
786 3880 955 3940 Rhetorices
966 3881 1179 3940 accusationem

183 4072 282 4130 miror.
294 4099 307 4124 ι
324 4073 416 4143 Quam
431 4072 471 4132 ob
485 4093 547 4132 rem
559 4073 621 4151 ejus
633 4086 711 4132 secta
722 4071 759 4131 ab
775 4075 941 4150 eloquentia
954 4091 1073 4151 prorsus
1086 4074 1179 4132 aliena

186 4169 415 4228 existimabatur.
431 4171 524 4246 Idem,
538 4171 612 4240 XII,
633 4191 670 4228 a:
691 4198 703 4222 «ι
716 4171 748 4229 In
767 4171 868 4248 primis
887 4191 940 4229 nos
954 4171 1097 4246 Epicurus
1118 4191 1179 4230 ase

1035 4267 1059 4338 6
1147 4327 1154 4335 .
