3198 5288
1186 563 1228 618 1x

240 712 276 766 et
308 694 551 766 Demochares
584 695 682 790 (33);
713 696 847 793 quibus
879 721 955 770 sese
990 697 1087 770 velut
1113 722 1230 798 grega-

241 899 277 958 de
291 897 419 976 quodam
436 897 501 956 cive
518 898 686 975 loqueretur
697 899 744 957 cui
756 917 787 956 se
802 899 1008 976 comparabat,
1031 898 1145 958 dicebat
1162 919 1228 959 eum

240 991 364 1074 ἐπιτρίτῳ
386 991 456 1074 τόκῳ
469 989 667 1074 πονηρεόισθαι,
692 993 721 1052 h.
741 1013 777 1064 ιε,
790 994 897 1052 malum
912 1013 974 1054 esse
986 996 1099 1054 tertiam
1114 1009 1226 1073 partem

239 1089 430 1148 reddentibus
452 1088 566 1159 usuris3
589 1109 619 1148 se
643 1100 754 1148 tantum
778 1090 938 1160 decimam3
961 1092 1124 1169 significans
1147 1092 1228 1150 illum

239 1187 270 1243 in
284 1207 398 1245 summo
410 1185 501 1264 gradu
514 1205 577 1244 esse
588 1185 770 1262 improbum,
791 1206 822 1244 se
836 1199 933 1245 autem
954 1188 992 1246 de
1006 1188 1126 1246 minime
1146 1189 1229 1247 malis

240 1302 331 1341 unum
342 1283 435 1341 videri
448 1281 562 1340 debere.

279 1381 358 1438 Vitio
375 1379 412 1438 ad
426 1380 486 1438 baec
506 1379 640 1438 laborare
649 1379 767 1438 Salmas.
783 1381 930 1440 existimat
943 1383 1108 1440 Aristotelis
1120 1380 1226 1440 verba:

239 1475 312 1536 οὐδὲν
320 1475 373 1559 ’ἔφη
384 1473 557 1558 πονηρότερος
568 1465 645 1551 εἶναι,Ι
656 1507 695 1524 -
702 1475 834 1554 ὀνομάσας
846 1474 970 1536 τινὰτῶν
982 1479 1115 1550 ἐπιεικῶν,Ι
1127 1479 1178 1536 ubi
1189 1480 1229 1537 le-

241 1574 365 1652 gendum
378 1586 485 1642 censet,
503 1572 638 1650 adjuncta
652 1574 778 1652 negandi
794 1574 934 1652 particula
949 1597 956 1631 :
972 1576 1025 1633 τῶν
1039 1576 1087 1633 οὐκ
1097 1576 1228 1634 ἐπιεικῶν.

239 1670 406 1746 Absordum
420 1672 497 1729 enim
510 1683 596 1739 esset,
610 1671 735 1748 siquem
750 1691 768 1728 e
779 1671 892 1730 civibus
906 1668 1030 1749 probum
1043 1673 1228 1744 nominasset,

238 1773 279 1830 ita
295 1791 326 1830 se
344 1791 410 1829 cum
431 1771 481 1830 illo
497 1771 648 1850 conferre,
662 1783 696 1829 ut
713 1771 824 1829 diceret
838 1791 904 1829 eum
919 1771 1038 1850 quidem
1049 1771 1087 1830 ad
1098 1769 1229 1853 ἐπίτριτον

241 1887 332 1946 usque
343 1869 457 1939 foenus,
473 1867 503 1926 h.
515 1889 555 1938 e.,
568 1866 605 1926 ad
619 1879 782 1926 extremum
798 1865 933 1945 nequitiae
944 1867 1090 1946 fastigium
1102 1887 1164 1926 esse
1173 1869 1229 1926 im·
1278 1878 1280 1884 ’

242 1965 385 2042 probum;
409 1984 500 2042 quum
518 1965 583 2043 ipse
602 1963 750 2045 ἐπιδεκοίτῳ
772 1965 883 2024 soeuore
903 1978 1017 2024 tantum
1033 1966 1126 2024 malus
1144 1977 1227 2024 esset.

241 2065 336 2134 Quum
351 2063 439 2140 igitur
454 2062 580 2140 aliquem
592 2083 608 2120 e
619 2062 738 2120 minime
749 2062 851 2140 probis
861 2063 1047 2141 appellasset,
1065 2083 1125 2120 non
1137 2083 1167 2122 se
1177 2064 1230 2120 im·

240 2159 409 2236 probiorem
420 2179 456 2217 eo
467 2158 562 2218 videri
576 2158 684 2217 debere
697 2159 788 2226 dixit,
806 2171 909 2238 utpote
923 2161 974 2238 qui
995 2157 1229 2237 improbissimus

240 2270 313 2316 osset
325 2257 355 2314 in
370 2257 474 2315 ultimo
485 2257 588 2334 gradu,
603 2258 667 2334 ipse
679 2269 775 2315 autem
790 2256 827 2314 ad
842 2277 907 2315 eum
922 2257 1119 2335 improbitatis
1134 2277 1231 2315 exces-

240 2373 303 2412 sum
316 2374 375 2412 non
389 2355 575 2432 pervenisset.
592 2355 740 2431 Namque,
754 2354 782 2413 b.
797 2354 815 2410 l.
837 2355 1003 2412 de'summe
1017 2353 1153 2432 improbo
1167 2355 1230 2412 viro

240 2453 347 2510 dicitur
360 2473 423 2508 eum
437 2472 498 2509 esse
511 2450 637 2533 ἐπιτρίτῳ
642 2451 760 2523 foenore
774 2454 932 2527 improbum
943 2488 951 2515 ,
962 2451 1031 2529 quia
1041 2452 1118 2508 inter
1130 2471 1230 2510 usuras

241 2562 309 2611 tunc
329 2550 468 2627 temporis
487 2548 619 2632 ἐπίτριτον
641 2549 734 2606 foenus
751 2567 896 2607 summum
917 2547 1035 2606 tenebat
1060 2549 1177 2621 looum;
1197 2561 1230 2606 ut

240 2646 358 2705 minima
379 2660 442 2705 erat
465 2667 530 2724 quae
554 2645 707 2704 dicebatur
729 2643 883 2712 ἐπιδέκατος
899 2643 992 2718 τόκος,
1014 2646 1033 2706 i.
1050 2666 1074 2704 e.
1089 2649 1228 2704 decimam

238 2757 351 2818 partem
371 2747 509 2819 reddens;
530 2757 618 2822 atque
634 2743 821 2802 mediocriter
837 2742 990 2821 improbus
1012 2741 1162 2802 dicebatur
1178 2765 1230 2800 no—

240 2837 392 2921 νηρεόεσόαι
403 2839 550 2922 ἐπιδεκοίτῳ
561 2839 640 2922 τόκῳ.

280 2937 339 3015 (32)
349 2939 432 2996 Hunc
444 2938 639 3014 Colyttensem
650 2937 889 3015 Aristophontem
901 2957 967 2994 cum
978 2938 1070 2994 altero
1078 2937 1230 2996 Azenicnsi

240 3034 371 3092 confudit
383 3035 544 3112 Ulpianus,
561 3034 591 3091 in
605 3035 687 3093 Dem.
704 3037 747 3092 Dc
761 3035 828 3092 Cor.
842 3053 872 3110 p.
887 3033 961 3110 530,
980 3053 1107 3110 quocum
1121 3034 1230 3112 Cepha·

241 3132 299 3188 lom
311 3131 494 3190 contendisse
508 3144 574 3188 uter
587 3143 700 3190 aetatem
715 3131 821 3207 egisset
832 3129 1001 3206 honestius,
1015 3128 1101 3188 docet
1115 3130 1229 3189 lluhnk.

240 3227 349 3302 p-Xbl.
368 3227 438 3286 Rem
450 3227 512 3284 fuse
528 3239 647 3285 narrant
660 3227 806 3284 rhetores:
824 3226 982 3302 Syriacus,
995 3227 1090 3285 Schol'.
1105 3227 1136 3284 in
1152 3229 1228 3286 ller-

240 3325 403 3400 mogen.De
413 3322 557 3384 statibus:
569 3325 597 3380 οὗ
610 3319 688 3400 μόνον
700 3319 728 3379 δὲ
739 3319 923 3396 ἐκλείποντος,
944 3321 995 3400 (ibi
1009 3334 1038 3380 et
1050 3324 1139 3400 paulo
1152 3336 1230 3400 post,

239 3420 319 3483 Ald‚:
335 3421 516 3498 ἐκλείποντος)
528 3420 574 3479 καί
586 3416 773 3501 πεπραγμένου
789 3417 948 3492 συνέστηκεν
960 3424 975 3479 ό
985 3414 1230 3501 κατὰόίμφισόήτη·

240 3537 280 3574 σιν
294 3514 368 3597 ὅρος,
384 3514 452 3575 ἀλλὰ
466 3515 510 3574 καί
525 3518 555 3574 ἐκ
568 3514 754 3595 πεπραγμένου
768 3513 858 3592 μόνον,
875 3516 911 3581 ὣς
924 3513 968 3572 ἐπί
981 3519 1028 3574 τοῦ
1046 3513 1171 3596 Κεφάλου
1185 3515 1231 3574 καί

241 3614 443 3696 Ἀριστοφῶντος
467 3617 518 3672 τῶν
543 3609 787 3694 ἀμφισόητοόντων·
804 3617 849 3670 τοῦ
880 3612 962 3670 καλοῦ
982 3610 1053 3692 βίου·
1069 3611 1114 3670 καὶ
1133 3615 1163 3673 ἐκ
1176 3613 1229 3672 λεί·

239 3731 334 3776 ποντος
345 3709 438 3788 μόνον,
455 3713 490 3776 ὡς
508 3709 552 3768 ἐπὶ
567 3717 613 3769 τοῦ
628 3711 756 3788 γελῶντος
771 3708 816 3767 καί
829 3707 999 3786 κωλυομένοο
1010 3712 1138 3790 ἱερᾶσθαι·
1161 3711 1231 3769 δοκεῖ

239 3804 268 3864 δὲ
287 3806 334 3865 καί
346 3806 377 3865 τὸ
397 3804 467 3866 κατὰ
489 3805 534 3866 τὸν
553 3805 675 3887 Κέφαλον
693 3805 870 3872 ἐκλείποντος
885 3794 952 3864 εἶναι
968 3805 1013 3864 καὶ
1025 3805 1229 3889 πεπραγμένου·

238 3903 373 3970 λείποντος
391 3903 439 3981 μὲν
454 3909 500 3963 τοῦ
517 3903 587 3964 satir
608 3903 662 3962 τὸν
672 3901 796 3984 Κέφαλον
814 3901 909 3984 μόρους
923 3905 961 3984 τῷ
978 3903 1110 3982 μηδεμίαν
1128 3901 1230 3984 γραφὴν

232 4007 343 4080 φυγεῖν,
363 3999 550 4080 πεπραγμένου
576 3999 604 4058 δὲ
626 4000 765 4058 τοῦκοιτόι
789 3997 833 4058 τὸν
848 3999 1053 4080 Ι’λριστοφίῖιντοι
1077 4003 1115 4079 τῷ
1130 3997 1230 4067 πολλός

238 4107 329 4177 φυγεῖν
359 4096 461 4180 γραφὰς
494 4099 538 4159 καὶ
565 4099 696 4177 μηδεμιᾶς
728 4093 846 4156 ἁλῶναι·
867 4100 890 4156 oi
921 4096 969 4176 μὲν
996 4089 1040 4157 οὖν
1073 4099 1231 4175 μελετῶντες

238 4197 274 4261 ὡς
299 4193 358 4276 όρον
387 4195 417 4254 τό
439 4195 509 4254 κατὰ
542 4194 586 4256 τὸν
617 4193 738 4276 Κέφαλον
772 4193 917 4276 πφόόλημα
942 4198 980 4275 τῷ
1003 4192 1084 4276 ἑτίρῳ
1110 4194 1183 4278 μέρει
1201 4200 1230 4255 οὗ
