3174 5284
377 557 443 628 116
688 559 1041 634 ANNOTATIONES

339 772 341 778 ,
372 720 451 795 ΙΙλὴν
476 721 521 782 καὶ
545 721 745 806 Θεόρραστοςθ
766 723 905 807 ριλόσορος
922 727 1019 805 ὁμοίως
1045 728 1124 810 φησὶν
1149 717 1216 790 εἶναι
1240 730 1365 812 μέματον

372 822 498 902 ῥητορικῇ
510 818 576 902 πρὸς
590 819 621 880 τδ
633 828 724 881 πεῖσαι
735 819 784 896 τὴν
796 821 944 905 ὑπόκρισιν,
959 827 995 892 εἰς
1008 823 1055 894 τὰς
1068 825 1152 909 ἀρχὰς
1165 827 1302 912 ἀναφέρων
1317 831 1364 892 καλ

370 914 406 977 τδι
422 915 494 990 πάθη
512 920 560 989 τῆς
572 918 659 998 ψυχῆς
685 918 731 978 καί
752 917 801 991 τὴν
821 919 981 994 κατανόησιν
1004 921 1120 999 τούτων,
1142 927 1178 992 ὣς
1198 926 1243 985 καί
1264 951 1297 1007 τη
1313 927 1364 1008 θλη

371 1011 507 1094 ίπιστόμη
522 1011 663 1094 σύμφωνον
675 1004 742 1074 εἶναι
762 1013 931 1088 τὴνκίνησιν
952 1022 999 1078 τοῦ
1013 1015 1135 1098 σώματος
1157 1021 1202 1080 καλ
1223 1021 1269 1082 τδν
1289 1022 1364 1083 τόνον

371 1111 638 1267 mIullllsllli:rebres
650 1208 767 1268 lacunas
778 1210 886 1270 hahent
898 1231 927 1268 v.
943 1231 969 1286 7,
981 1212 1009 1280 8,
1021 1233 1054 1289 9:
1073 1231 1145 1291 quas
1154 1214 1272 1293 explere
1284 1216 1366 1275 odni-

371 1303 443 1362 tenti
458 1303 530 1362 mihi
547 1305 716 1364 Aristoteles

542 1400 577 1450 ut
588 1411 694 1463 regerem
704 1411 815 1463 matus,
831 1413 876 1464 pro
886 1400 960 1462 duce,
972 1401 1012 1452 nn
1026 1401 1102 1453 dedit.

371 1484 1237 1573 temereternereteretrotert...rt.
1244 1546 1303 1562 .....
1308 1490 1366 1567 Η..

372 1603 468 1660 firmat
477 1602 636 1681 Stagirites,
650 1604 735 1663 Rhet.
748 1605 799 1679 Ill,
817 1625 828 1662 1
845 1629 851 1663 :
867 1602 907 1666 Τδ
919 1603 968 1682 μὲν
982 1596 1027 1664 oli
1041 1608 1145 1688 πρῶτον
1159 1605 1284 1681 ἐζητηθη,
1296 1605 1366 1667 κατὰ

371 1699 457 1780 φύσιν,
474 1699 538 1783 ὅπερ
548 1699 650 1783 πέφυκε
660 1703 779 1783 πρῶτον,
793 1699 860 1761 atel
880 1700 914 1761 τὰ
928 1701 1090 1785 πράγματα,
1111 1703 1142 1761 ἔκ
1160 1703 1238 1763 τίνων
1261 1702 1317 1784 ἔχει
1333 1703 1365 1764 τδ

372 1792 491 1854 πιθανόν.
505 1794 631 1878 Δεότερον
647 1795 692 1871 δὲ,
703 1795 733 1856 τδ
747 1804 830 1857 ταῦτα
842 1801 876 1878 τῇ
890 1795 958 1867 λίξει
973 1797 1115 1857 διαθέσθαι.
1135 1796 1233 1879 Τρίτον
1257 1797 1286 1858 δὲ
1306 1798 1366 1859 τοό-

373 1914 437 1965 των,
449 1890 463 1950 θ
476 1890 587 1971 δύναμιν
609 1893 657 1971 μὲν
680 1893 738 1974 ἔχει
753 1895 896 1974 μεγίστην,
918 1894 991 1954 οὔπω
1004 1896 1026 1954 δ’
1041 1895 1240 1976 ἐπικεχείρηται
1258 1892 1292 1954 τὰ
1304 1893 1365 1978 περὶ

373 1987 581 2072 τλνθπόκριοιν.
602 1992 690 2063 Οιιοε,
722 2013 750 2053 v.
775 2013 867 2069 9-10,
893 1991 1069 2054 exhibentur
1102 1994 1206 2052 misere
1241 1994 1367 2053 lacerata

376 2091 649 2170 ΚΑΙΝΗΔ....
670 2093 1120 2171 circumtundere...
1134 2094 1367 2179 cleonte-

376 2216 440 2292 ΚΛ
443 2273 505 2289 .....
510 2217 620 2308 ΔΙᾹ,
635 2232 760 2303 restitui,
775 2232 876 2292 eodem
903 2231 1072 2310 adjuvante,
1089 2233 1107 2290 l.
1124 2233 1142 2290 Ι.
1155 2255 1162 2290 :
1177 2232 1232 2294 Καὶ
1253 2233 1304 2316 γὰρ
1330 2238 1369 2304 εἷς

372 2333 421 2407 τὴν
438 2334 565 2418 τραγικὴν
588 2335 633 2396 καί
648 2336 782 2419 ῥαψῳδίαν
797 2335 845 2419 όψὲ
863 2337 1018 2418 παρῆλθεν·
1035 2336 1205 2419 ὑπεκρίνοντο
1227 2337 1278 2420 γὰρ
1293 2340 1367 2398 αὐτοὶ

372 2432 519 2515 τραγῳδίας
533 2436 557 2493 ol
570 2434 679 2508 ποιηταί
692 2433 722 2493 τδ
733 2438 848 2516 πρῶτον.

414 2533 448 2592 V.
472 2543 576 2602 ιο-ιη.
600 2533 789 2616 Μακαρίζομεν
803 2575 843 2588 ..-
854 2537 902 2606 τῆς
922 2533 1065 2601 συνίστωρ.
1077 2580 1103 2595 ..
1125 2535 1238 2597 Similia
1251 2537 1372 2610 Noster,

373 2627 546 2702 habet,1)e
574 2630 676 2689 Music.
705 2631 759 2688 col.
787 2632 845 2708 IX,
872 2651 899 2690 v.
923 2629 960 2688 35
984 2653 990 2688 ι
1017 2629 1071 2698 Καὶ
1106 2629 1309 2714 τεχνικωτίρους
1335 2655 1370 2710 γε

373 2733 458 2785 ποιεῖν
477 2723 510 2784 τὸ
533 2724 612 2803 μέλος
634 2725 771 2804 ἐνόμισεν·
795 2717 813 2798 ἦ
835 2725 964 2808 μακάριος
983 2716 1016 2798 ἦν
1032 2730 1079 2798 τῆς
1101 2726 1237 2794 οονίσεως.
1266 2729 1369 2787 lloret.

373 2826 433 2884 Sat.
449 2825 497 2893 IX,
508 2822 559 2882 lib.
574 2824 595 2898 I,
607 2845 634 2881 v.
653 2844 757 2880 11·1n:

807 2917 996 2982 ote,Bolene,‘
1007 2920 1101 2972 cerebri

528 2997 647 3066 Felicem!
665 2998 759 3049 etebern
774 2998 872 3050 tacitus.
961 2993 969 3026 ί

412 3082 446 3138 V.
465 3090 567 3157 19-24.
589 3079 637 3139 Ἐν
660 3088 713 3147 τοῖς
737 3078 1021 3162 ἡμετέροις-κοινῆς
1043 3079 1217 3161 ὑποκρίσεως.
1231 3123 1259 3139 ..
1279 3082 1368 3140 llunc

374 3181 468 3238 locum
493 3181 533 3238 ite
556 3179 764 3237 restituendum
781 3199 852 3238 esse
871 3179 1039 3238 indicabant
1061 3181 1202 3238 elementa
1236 3199 1300 3256 quae
1316 3198 1370 3237 su-

372 3305 492 3373 persunt
511 3316 518 3351 τ
537 3277 983 3380 ΙΕΝΤΟΙΕΗΜΕΤΕΡ.
1005 3339 1013 3353 .
1053 3280 1368 3358 tencomu.
1470 3362 1478 3368 ,

372 3402 444 3463 Inde
473 3401 551 3460 enim
575 3401 657 3459 facile
677 3402 772 3460 elicias
788 3425 795 3460 ι
810 3403 837 3460 ίν
861 3409 916 3469 τοῖς
936 3398 1074 3482 ἡμετέροις
1097 3397 1124 3458 δὲ
1137 3401 1194 3478 (vel
1210 3399 1251 3479 γε)
1276 3390 1371 3464 οθσαν.

373 3498 450 3570 Quid
460 3510 555 3556 autem
566 3498 627 3555 haec
639 3497 800 3575 significent
812 3498 954 3576 conjicere
965 3498 996 3556 in
1011 3510 1150 3577 promptu
1167 3517 1225 3555 non
1246 3509 1298 3555 est.
1313 3497 1373 3556 No·

373 3607 441 3665 ster,
463 3596 506 3655 Ile
520 3596 620 3655 Music.
636 3596 690 3654 col.
707 3595 816 3669 XXIII,
830 3617 856 3653 v.
876 3615 926 3653 1-n
941 3595 987 3673 (cf.
1003 3599 1141 3655 Annotat.
1155 3593 1227 3653 ibid.
1243 3614 1272 3671 p.
1289 3593 1370 3670 roo),

372 3692 457 3750 docet
477 3691 710 3770 conjunctionem
721 3693 873 3770 quamdam
886 3712 946 3751 esse
960 3691 1035 3750 inter
1051 3691 1188 3750 Musicem
1206 3703 1235 3748 et
1251 3688 1373 3748 Histrio·

373 3791 485 3864 nicam3
503 3790 582 3870 quod
598 3791 628 3848 in
645 3810 728 3849 causa
748 3791 834 3848 luisse
850 3790 968 3848 videtur
990 3810 1042 3848 cur
1056 3788 1244 3848 Philodemus
1261 3787 1372 3846 dixerit

374 3888 524 3948 Actionem
538 3887 634 3946 Iocum
657 3906 740 3945 suum
766 3886 899 3945 obtinere
920 3887 949 3943 in
967 3885 1126 3965 disciplinis
1147 3884 1254 3963 quibus
1269 3903 1371 3942 curam

372 3985 436 4062 ipse
455 3984 608 4061 impendit.
635 3985 798 4056 Praeterea,
828 3983 856 4040 in
895 3983 949 4058 hec
983 3983 1075 4040 nostri
1111 3980 1179 4041 libri
1215 3981 1371 4057 columna,

374 4103 400 4140 v.
433 4089 555 4153 2244,
582 4079 687 4152 addit:
709 4081 829 4136 rhetores
868 4079 919 4135 sibi
946 4101 1076 4156 arrogare
1105 4083 1265 4147 Actionem,
1303 4097 1372 4151 qreoe

373 4184 523 4235 romnurm's
536 4191 583 4234 cst.
608 4175 758 4235 Actionem
775 4189 871 4235 autem
886 4197 1055 4234 courmunem
1077 4175 1159 4248 dicit,
1175 4188 1206 4232 ut
1221 4195 1285 4252 qnae
1299 4193 1369 4230 curn
